datetime,sym,price,size
2025.05.05D08:00:00.009039359,IBM,244.56,10
2025.05.05D08:00:00.156501572,IBM,243,8
2025.05.05D08:00:00.156579644,IBM,244.03,6
2025.05.05D08:00:01.063738003,IBM,243.3,12
2025.05.05D08:00:01.075676460,IBM,243.3,13
2025.05.05D08:00:01.187209064,IBM,243.99,1
2025.05.05D08:00:01.729974584,IBM,243.54,7
2025.05.05D08:00:05.439216737,IBM,244.01,1
2025.05.05D08:01:40.819117821,IBM,243.05,1
2025.05.05D08:02:41.730164503,IBM,243.09,1
2025.05.05D08:04:05.702350112,IBM,243.3,1
2025.05.05D08:04:06.029902068,IBM,244.14,1
2025.05.05D08:07:00.620011362,IBM,243.47,5
2025.05.05D08:07:00.751153591,IBM,243.45,1
2025.05.05D08:07:01.244851235,IBM,244.12,1
2025.05.05D08:10:00.620213209,IBM,243.61,5
2025.05.05D08:10:28.467937239,IBM,243.61,5
2025.05.05D08:11:15.364721841,IBM,243.61,2
2025.05.05D08:17:30.673615841,IBM,244.24,21
2025.05.05D08:27:33.391602013,IBM,243.62,1
2025.05.05D08:33:15.622982899,IBM,243.5,5
2025.05.05D08:36:46.194058295,IBM,243.32,4
2025.05.05D08:44:35.648631919,IBM,243.89,13
2025.05.05D08:44:35.648634945,IBM,243.94,100
2025.05.05D08:44:35.648641356,IBM,243.98,100
2025.05.05D08:44:35.648641356,IBM,243.99,100
2025.05.05D08:44:35.648644012,IBM,244,87
2025.05.05D08:44:39.856894696,IBM,243.96,100
2025.05.05D08:45:56.883450458,IBM,243.52,4
2025.05.05D08:47:34.532335302,IBM,243.96,1
2025.05.05D08:56:31.583198073,IBM,243.32,5
2025.05.05D09:03:40.849852295,IBM,243.52,41
2025.05.05D09:12:19.204531717,IBM,243.71,7
2025.05.05D09:13:49.342937623,IBM,243.52,4
2025.05.05D09:16:34.473200465,IBM,243.52,1
2025.05.05D09:16:34.473287587,IBM,243.52,4
2025.05.05D09:18:32.082743017,IBM,243.95,10
2025.05.05D09:18:32.082746225,IBM,243.96,20
2025.05.05D09:18:32.082749161,IBM,244,120
2025.05.05D09:21:56.661179251,IBM,243.9,4
2025.05.05D09:23:20.615208416,IBM,243.9,20
2025.05.05D09:23:20.615274573,IBM,243.9,62
2025.05.05D09:23:20.615349655,IBM,243.92,20
2025.05.05D09:23:20.615409907,IBM,243.92,20
2025.05.05D09:24:57.449210516,IBM,243.7,1
2025.05.05D09:30:41.204103479,IBM,243.71,5
2025.05.05D09:31:45.694252246,IBM,243.72,5
2025.05.05D09:31:50.414351980,IBM,243.74,3
2025.05.05D09:33:39.269317271,IBM,243.32,3
2025.05.05D09:33:39.269401425,IBM,243.7,10
2025.05.05D09:42:31.262318052,IBM,243.72,1
2025.05.05D09:49:24.162235470,IBM,243.96,1
2025.05.05D09:54:10.557765466,IBM,243.7,2
2025.05.05D09:54:11.062679771,IBM,244.01,1
2025.05.05D09:54:11.063019585,IBM,244,1
2025.05.05D10:02:18.827149119,IBM,244,21
2025.05.05D10:05:42.771620375,IBM,244,2
2025.05.05D10:09:27.605958738,IBM,244.01,14
2025.05.05D10:09:27.606130215,IBM,244.01,15
2025.05.05D10:09:27.638063236,IBM,244.39,10
2025.05.05D10:09:27.638090271,IBM,244.41,2
2025.05.05D10:09:27.657952626,IBM,244.48,2
2025.05.05D10:09:27.674756590,IBM,244.5,2
2025.05.05D10:09:27.749986676,IBM,244.17,5
2025.05.05D10:14:05.793083408,IBM,244.05,10
2025.05.05D10:14:05.793086471,IBM,243.68,28
2025.05.05D10:15:50.742077217,IBM,244,1
2025.05.05D10:16:04.889213683,IBM,244.89,3
2025.05.05D10:40:33.834965260,IBM,244.18,1
2025.05.05D10:46:59.530408245,IBM,244.7,1
2025.05.05D10:46:59.530411282,IBM,244.79,13
2025.05.05D10:47:21.129718818,IBM,244.24,6
2025.05.05D10:47:45.129696613,IBM,244.79,1
2025.05.05D10:48:25.127928859,IBM,244.27,100
2025.05.05D10:48:25.127931962,IBM,244.25,13
2025.05.05D10:48:25.128019149,IBM,244.25,10
2025.05.05D10:48:25.128046279,IBM,244.25,128
2025.05.05D10:49:44.103017114,IBM,244.79,14
2025.05.05D11:00:00.158395389,IBM,244.83,5
2025.05.05D11:09:32.241170947,IBM,244.73,4
2025.05.05D11:11:07.195240459,IBM,244.77,4
2025.05.05D11:14:27.446508494,IBM,244.6,50
2025.05.05D11:14:27.446520511,IBM,244.6,35
2025.05.05D11:22:41.505798420,IBM,244.88,1
2025.05.05D11:22:41.510955827,IBM,244.85,1
2025.05.05D11:22:41.512624705,IBM,244.85,1
2025.05.05D11:23:07.050341437,IBM,244.88,9
2025.05.05D11:23:07.057862265,IBM,244.87,9
2025.05.05D11:23:18.703077326,IBM,244.88,7
2025.05.05D11:25:38.512045480,IBM,244.61,10
2025.05.05D11:25:38.512045480,IBM,244.6,6
2025.05.05D11:26:00.575044854,IBM,244.6,9
2025.05.05D11:26:00.575047910,IBM,244.6,1
2025.05.05D11:30:14.514776242,IBM,244.84,1
2025.05.05D11:35:31.420407690,IBM,244.52,10
2025.05.05D11:35:31.420407690,IBM,244.51,11
2025.05.05D11:35:54.956172920,IBM,244.73,1
2025.05.05D11:36:27.800123354,IBM,244.5,1
2025.05.05D11:36:32.897362855,IBM,244.51,1
2025.05.05D11:37:37.960185880,IBM,244.51,20
2025.05.05D11:38:41.896616671,IBM,244.6,21
2025.05.05D11:38:41.896824144,IBM,244.6,179
2025.05.05D11:38:49.467612735,IBM,244.51,30
2025.05.05D11:38:49.468160296,IBM,244.51,70
2025.05.05D11:38:49.468162981,IBM,244.51,100
2025.05.05D11:38:49.468166087,IBM,244.5,329
2025.05.05D11:38:49.468226219,IBM,244.5,50
2025.05.05D11:38:49.468553912,IBM,244.5,50
2025.05.05D11:38:53.032406211,IBM,244.5,70
2025.05.05D11:38:53.093707175,IBM,244.5,72
2025.05.05D11:38:53.093779343,IBM,244.5,428
2025.05.05D11:38:54.629942354,IBM,244.45,1
2025.05.05D11:39:10.709994225,IBM,244.51,3
2025.05.05D11:40:49.707825900,IBM,244.32,1
2025.05.05D11:40:49.708030314,IBM,244.24,30
2025.05.05D11:40:49.708045452,IBM,244.25,1
2025.05.05D11:40:49.708310047,IBM,244.1,35
2025.05.05D11:40:49.708322076,IBM,244.09,2
2025.05.05D11:40:49.708490443,IBM,244.11,6
2025.05.05D11:40:49.714348344,IBM,244.11,5
2025.05.05D11:44:25.722867588,IBM,244.11,1
2025.05.05D11:45:00.122109352,IBM,244.15,25
2025.05.05D11:46:49.002532208,IBM,244.34,1
2025.05.05D11:47:05.793828687,IBM,244.33,13
2025.05.05D11:47:05.794219585,IBM,244.33,6
2025.05.05D11:47:51.083262406,IBM,244.35,2
2025.05.05D11:54:50.296357562,IBM,244.33,9
2025.05.05D11:54:50.300281885,IBM,244.31,10
2025.05.05D11:55:01.022683055,IBM,244.29,2
2025.05.05D11:55:01.128529035,IBM,244.2,4
2025.05.05D12:00:00.009746776,IBM,245.55,60097
2025.05.05D12:00:00.009755741,IBM,245.55,203623
2025.05.05D12:00:00.009954213,IBM,245.55,203622
2025.05.05D12:00:00.151179465,IBM,243.0012,1
2025.05.05D12:00:00.176265173,IBM,244.87,2
2025.05.05D12:00:00.210324371,IBM,244.01,1
2025.05.05D12:00:00.351080462,IBM,243.0012,1
2025.05.05D12:00:00.355083007,IBM,244.5,250
2025.05.05D12:00:00.630641266,IBM,244.6,5
2025.05.05D12:00:00.704319647,IBM,244.6,31
2025.05.05D12:00:00.726028374,IBM,244.5,20
2025.05.05D12:00:00.732487735,IBM,243.7,1
2025.05.05D12:00:00.917945308,IBM,244.035,1
2025.05.05D12:00:01.104605962,IBM,244.2925,1
2025.05.05D12:00:02.267384823,IBM,244.5,8
2025.05.05D12:00:02.314323546,IBM,244.6899,2
2025.05.05D12:00:02.399272872,IBM,245,2
2025.05.05D12:00:02.490383873,IBM,244.6,29
2025.05.05D12:00:02.495441830,IBM,244.08,200
2025.05.05D12:00:02.691668087,IBM,244.2,8
2025.05.05D12:00:02.759759258,IBM,243.27,2
2025.05.05D12:00:02.961566805,IBM,244.3,1
2025.05.05D12:00:03.064318418,IBM,243.4,1
2025.05.05D12:00:03.093424700,IBM,244.182,10
2025.05.05D12:00:03.182773557,IBM,244.6,1
2025.05.05D12:00:03.202557723,IBM,244.15,1
2025.05.05D12:00:03.267689775,IBM,244.15,1
2025.05.05D12:00:03.272185429,IBM,244.15,1
2025.05.05D12:00:03.337480006,IBM,244.3,1
2025.05.05D12:00:03.648730058,IBM,244.756,1
2025.05.05D12:00:03.727502619,IBM,244.15,1
2025.05.05D12:00:03.891248565,IBM,245.25,1
2025.05.05D12:00:07.365382166,IBM,243.9,2
2025.05.05D12:00:16.871284510,IBM,245.55,1
2025.05.05D12:00:20.505759987,IBM,243,1
2025.05.05D12:00:21.327418518,IBM,243,1
2025.05.05D12:00:21.740900153,IBM,243.9117,1
2025.05.05D12:00:21.740972334,IBM,243.9117,1
2025.05.05D12:00:23.150858672,IBM,244.04,70
2025.05.05D12:00:23.151920126,IBM,244.04,100
2025.05.05D12:00:23.384797658,IBM,244.5,2
2025.05.05D12:00:23.590177711,IBM,243,1
2025.05.05D12:00:23.888488033,IBM,243.61,2
2025.05.05D12:00:23.889453354,IBM,243.61,162
2025.05.05D12:00:24.354874573,IBM,245.55,1
2025.05.05D12:00:29.346806367,IBM,245.55,1
2025.05.05D12:00:30.070852387,IBM,245.55,1
2025.05.05D12:00:34.994726213,IBM,245.55,1
2025.05.05D12:00:38.416291586,IBM,244.05,10
2025.05.05D12:01:03.378073941,IBM,245.18,1
2025.05.05D12:02:02.680930260,IBM,245.55,1
2025.05.05D12:02:04.363274348,IBM,245.55,1
2025.05.05D12:02:07.215466967,IBM,245.55,1
2025.05.05D12:02:07.426780093,IBM,245.55,1
2025.05.05D12:02:09.799703634,IBM,245.55,1
2025.05.05D12:02:14.303416889,IBM,245.55,1
2025.05.05D12:02:16.184600296,IBM,245.55,1
2025.05.05D12:02:17.200325952,IBM,245.55,1
2025.05.05D12:02:18.518599134,IBM,245.55,1
2025.05.05D12:02:19.767060927,IBM,245.55,1
2025.05.05D12:02:21.383966118,IBM,245.55,1
2025.05.05D12:02:22.501977426,IBM,245.55,1
2025.05.05D12:02:22.619452074,IBM,245.55,1
2025.05.05D12:02:25.361393293,IBM,245.55,1
2025.05.05D12:02:27.746679391,IBM,245.55,1
2025.05.05D12:02:34.154646919,IBM,245.55,1
2025.05.05D12:02:34.442062293,IBM,245.55,1
2025.05.05D12:02:38.627645218,IBM,245.55,1
2025.05.05D12:04:31.728615092,IBM,244.11,41
2025.05.05D12:04:50.212997264,IBM,244.18,1
2025.05.05D12:04:50.213150831,IBM,244.11,5
2025.05.05D12:04:50.213153676,IBM,244.09,2
2025.05.05D12:04:59.538076289,IBM,244.17,1
2025.05.05D12:05:07.141961642,IBM,244.1,50
2025.05.05D12:05:30.309124626,IBM,244.1,1
2025.05.05D12:05:54.178248976,IBM,244.1,2
2025.05.05D12:05:54.724057734,IBM,244.1,25
2025.05.05D12:06:09.459048669,IBM,244.35,1
2025.05.05D12:06:16.065347700,IBM,244.09,100
2025.05.05D12:06:26.999230835,IBM,244.0867,30
2025.05.05D12:06:55.500137201,IBM,244.08,2
2025.05.05D12:08:27.349151089,IBM,244.08,15
2025.05.05D12:10:16.617425582,IBM,244.25,48
2025.05.05D12:10:42.513496571,IBM,244.31,10
2025.05.05D12:10:42.513496571,IBM,244.33,41
2025.05.05D12:10:42.513502383,IBM,244.33,5
2025.05.05D12:11:29.187874619,IBM,244.25,20
2025.05.05D12:13:32.999688998,IBM,244.12,14
2025.05.05D12:13:33.000046791,IBM,244.17,10
2025.05.05D12:13:33.000061753,IBM,244.12,2
2025.05.05D12:14:14.084895128,IBM,244.12,9
2025.05.05D12:14:18.842451905,IBM,244.025,2
2025.05.05D12:14:20.345908953,IBM,244.26,14
2025.05.05D12:14:20.346254698,IBM,244.26,14
2025.05.05D12:14:26.548761093,IBM,244.34,5
2025.05.05D12:14:29.833242491,IBM,244.49,10
2025.05.05D12:14:29.833245122,IBM,244.5,1
2025.05.05D12:14:44.975832784,IBM,244.26,50
2025.05.05D12:17:45.382360041,IBM,245,4
2025.05.05D12:17:45.383593086,IBM,244.88,4
2025.05.05D12:17:53.220828307,IBM,244.88,1
2025.05.05D12:17:53.220912250,IBM,245,1
2025.05.05D12:21:05.375048624,IBM,244.5,1
2025.05.05D12:22:01.580905622,IBM,244.5,400
2025.05.05D12:22:43.165433255,IBM,244.5,98
2025.05.05D12:22:43.165998564,IBM,244.5,69
2025.05.05D12:25:03.740481902,IBM,244.48,10
2025.05.05D12:26:12.931989550,IBM,244.28,56
2025.05.05D12:27:20.349822401,IBM,244.28,100
2025.05.05D12:27:20.349822401,IBM,244.26,1
2025.05.05D12:27:49.144916455,IBM,244.26,20
2025.05.05D12:28:07.535228642,IBM,244.1,50
2025.05.05D12:28:12.843396545,IBM,244.08,98
2025.05.05D12:28:22.146387809,IBM,244,2
2025.05.05D12:28:49.317485516,IBM,244.05,50
2025.05.05D12:28:49.317488573,IBM,244,100
2025.05.05D12:28:49.317492773,IBM,243.99,100
2025.05.05D12:28:49.317492773,IBM,243.98,49
2025.05.05D12:29:01.198786488,IBM,244.01,10
2025.05.05D12:29:01.198819448,IBM,244,15
2025.05.05D12:29:01.846333389,IBM,244.25,6
2025.05.05D12:29:01.846402630,IBM,244.25,1
2025.05.05D12:29:13.645069825,IBM,244.01,10
2025.05.05D12:29:23.064462390,IBM,244,8
2025.05.05D12:29:23.064465519,IBM,244,1
2025.05.05D12:29:23.064468185,IBM,244,1
2025.05.05D12:29:23.627535003,IBM,244.23,10
2025.05.05D12:29:23.627535003,IBM,244.25,8
2025.05.05D12:29:23.627577097,IBM,244,1
2025.05.05D12:29:23.627655353,IBM,244,10
2025.05.05D12:29:23.627910929,IBM,244,10
2025.05.05D12:29:23.627983071,IBM,244,10
2025.05.05D12:29:23.628046201,IBM,244,10
2025.05.05D12:29:28.084550083,IBM,243.77,1
2025.05.05D12:30:04.917784609,IBM,243.95,1
2025.05.05D12:32:02.197152658,IBM,244.32,2
2025.05.05D12:32:52.263515044,IBM,244.25,100
2025.05.05D12:33:30.351884240,IBM,243.83,1
2025.05.05D12:35:49.038812141,IBM,243.89,1
2025.05.05D12:36:53.073544422,IBM,243.92,1
2025.05.05D12:39:42.577356605,IBM,243.87,10
2025.05.05D12:39:42.577359595,IBM,243.79,10
2025.05.05D12:40:16.579437009,IBM,243.77,5
2025.05.05D12:43:05.194982033,IBM,243.7701,8
2025.05.05D12:46:50.573306849,IBM,243.8,6
2025.05.05D12:47:02.694618367,IBM,243.8001,50
2025.05.05D12:47:18.282759230,IBM,243.99,4
2025.05.05D12:47:31.672590270,IBM,243.99,1
2025.05.05D12:48:11.068933353,IBM,243.8,5
2025.05.05D12:49:14.932946268,IBM,243.92,25
2025.05.05D12:49:14.933111689,IBM,243.92,10
2025.05.05D12:49:14.933114652,IBM,243.8,45
2025.05.05D12:50:34.847625287,IBM,243.8,5
2025.05.05D12:51:47.002278034,IBM,244.31,8
2025.05.05D12:51:47.779815554,IBM,244.39,4
2025.05.05D12:52:36.123565717,IBM,244.32,1
2025.05.05D12:53:07.873156379,IBM,243.9,5
2025.05.05D12:54:48.725444998,IBM,243.9,5
2025.05.05D12:54:48.853132031,IBM,243.9,1
2025.05.05D12:56:09.929859701,IBM,244.32,14
2025.05.05D12:56:09.930085162,IBM,244.31,1
2025.05.05D13:00:27.538086952,IBM,244.45,1
2025.05.05D13:02:17.479692287,IBM,244.3,5
2025.05.05D13:02:17.479893791,IBM,244.3,45
2025.05.05D13:03:18.843581810,IBM,243.804,25
2025.05.05D13:03:21.401039758,IBM,243.9,75
2025.05.05D13:05:37.281123766,IBM,244.37,1
2025.05.05D13:10:22.709552785,IBM,244.45,1
2025.05.05D13:10:35.015942967,IBM,244.02,50
2025.05.05D13:10:41.597327587,IBM,244.02,50
2025.05.05D13:10:58.523143734,IBM,244.01,9
2025.05.05D13:10:58.523146785,IBM,243.9,1
2025.05.05D13:10:58.523150007,IBM,243.9,1
2025.05.05D13:10:58.523152994,IBM,243.86,100
2025.05.05D13:10:58.523152994,IBM,243.8,2
2025.05.05D13:10:58.523155723,IBM,243.8,1
2025.05.05D13:10:58.523176819,IBM,243.9,1
2025.05.05D13:10:58.523179862,IBM,243.86,100
2025.05.05D13:10:58.523185850,IBM,243.92,100
2025.05.05D13:10:58.523185850,IBM,243.9,25
2025.05.05D13:10:58.523221890,IBM,244,50
2025.05.05D13:10:58.523231100,IBM,243.9,10
2025.05.05D13:10:58.523231100,IBM,243.86,100
2025.05.05D13:10:58.523360516,IBM,244.01,9
2025.05.05D13:10:58.523363619,IBM,243.9,1
2025.05.05D13:10:58.523366341,IBM,243.86,100
2025.05.05D13:10:58.523369279,IBM,243.8,155
2025.05.05D13:10:58.523381311,IBM,243.92,2
2025.05.05D13:10:58.523850361,IBM,243.97,4
2025.05.05D13:10:58.523901837,IBM,243.92,98
2025.05.05D13:10:58.523904544,IBM,243.77,2
2025.05.05D13:10:58.523916573,IBM,243.77,598
2025.05.05D13:10:58.523925601,IBM,243.77,10
2025.05.05D13:10:58.524557049,IBM,243.71,157
2025.05.05D13:10:58.524560336,IBM,243.62,1
2025.05.05D13:10:58.524560336,IBM,243.61,2
2025.05.05D13:10:58.524572959,IBM,243.71,157
2025.05.05D13:10:58.524572959,IBM,243.52,1
2025.05.05D13:10:58.524581160,IBM,243.61,5
2025.05.05D13:10:58.524581160,IBM,243.5,1
2025.05.05D13:10:58.524809651,IBM,243.71,157
2025.05.05D13:10:58.525408175,IBM,243.5,3100
2025.05.05D13:10:58.540302586,IBM,243.4887,1
2025.05.05D13:11:03.544515715,IBM,243.05,2
2025.05.05D13:11:17.377190309,IBM,243.48,100
2025.05.05D13:11:17.377193961,IBM,243.48,9
2025.05.05D13:11:17.377193961,IBM,243.5,91
2025.05.05D13:11:17.377340624,IBM,243.44,6
2025.05.05D13:11:17.377476021,IBM,243.43,10
2025.05.05D13:11:17.377478926,IBM,243.5,190
2025.05.05D13:11:17.377614239,IBM,243.5,109
2025.05.05D13:11:17.377629268,IBM,243.5,109
2025.05.05D13:11:17.377641365,IBM,243.5,100
2025.05.05D13:11:17.377644428,IBM,243.5,10
2025.05.05D13:11:17.377890956,IBM,243.48,100
2025.05.05D13:11:17.377894024,IBM,243.5,100
2025.05.05D13:11:17.377996193,IBM,243.5,100
2025.05.05D13:11:22.086037043,IBM,243.5,50
2025.05.05D13:11:22.098964889,IBM,243.5,41
2025.05.05D13:11:22.098964889,IBM,243.5,9
2025.05.05D13:11:22.099764713,IBM,243.48,50
2025.05.05D13:11:26.329892659,IBM,243.5,6
2025.05.05D13:11:26.391422556,IBM,243.5,185
2025.05.05D13:11:26.391422556,IBM,243.5,115
2025.05.05D13:11:26.391810111,IBM,243.5,17
2025.05.05D13:11:27.833136169,IBM,243.5,100
2025.05.05D13:11:27.833139127,IBM,243.5,100
2025.05.05D13:11:28.161803821,IBM,243.5,200
2025.05.05D13:11:28.742408380,IBM,243.5,6
2025.05.05D13:11:28.983615789,IBM,243.5,140
2025.05.05D13:11:29.083122815,IBM,243.5,54
2025.05.05D13:11:29.083125651,IBM,243.5,151
2025.05.05D13:11:29.124356974,IBM,243.5,49
2025.05.05D13:11:29.124356974,IBM,243.5,91
2025.05.05D13:11:30.146439680,IBM,243.5,100
2025.05.05D13:11:30.852347058,IBM,243.5,9
2025.05.05D13:11:30.852349655,IBM,243.5,134
2025.05.05D13:11:32.151247590,IBM,243.5,1
2025.05.05D13:11:35.817093771,IBM,243.5,57
2025.05.05D13:11:44.101620066,IBM,243.49,20
2025.05.05D13:11:57.731185834,IBM,243.5,8
2025.05.05D13:11:57.731185834,IBM,243.5,92
2025.05.05D13:12:16.298586776,IBM,243.49,22
2025.05.05D13:12:16.298586776,IBM,243.5,28
2025.05.05D13:13:00.561570729,IBM,243.33,1
2025.05.05D13:13:05.970012386,IBM,243.3,20
2025.05.05D13:13:21.568182323,IBM,243.47,5
2025.05.05D13:13:21.568182323,IBM,243.47,15
2025.05.05D13:14:38.905959387,IBM,243.5,2
2025.05.05D13:16:14.657783895,IBM,243.49,20
2025.05.05D13:16:27.664647145,IBM,243.3,2
2025.05.05D13:17:09.079895789,IBM,243.35,5
2025.05.05D13:17:44.040372965,IBM,243.49,5
2025.05.05D13:19:11.308362491,IBM,243.49,400
2025.05.05D13:19:33.381857259,IBM,243.46,5
2025.05.05D13:19:36.634946507,IBM,243.48,1
2025.05.05D13:19:44.182056832,IBM,243.49,60
2025.05.05D13:20:41.909765691,IBM,243.49,200
2025.05.05D13:20:46.613747091,IBM,243.44,5
2025.05.05D13:20:46.613752974,IBM,243.45,50
2025.05.05D13:20:46.613752974,IBM,243.49,10
2025.05.05D13:20:46.613755882,IBM,243.49,8
2025.05.05D13:20:46.613758939,IBM,243.49,28
2025.05.05D13:21:20.632980046,IBM,243.5,5
2025.05.05D13:21:31.578010389,IBM,243.1,1
2025.05.05D13:21:43.274572529,IBM,243.49,100
2025.05.05D13:21:43.322660022,IBM,243.49,1
2025.05.05D13:22:15.178120714,IBM,243.5,2
2025.05.05D13:22:20.237900454,IBM,243.49,72
2025.05.05D13:22:20.237903386,IBM,243.5,108
2025.05.05D13:22:20.237906300,IBM,243.5,27
2025.05.05D13:22:20.238468665,IBM,243.5,100
2025.05.05D13:23:57.212776422,IBM,243.1,200
2025.05.05D13:23:58.365845179,IBM,243.31,3
2025.05.05D13:23:58.365854153,IBM,243.3,7
2025.05.05D13:23:58.365863177,IBM,243.3,1
2025.05.05D13:24:04.563035184,IBM,243.31,20
2025.05.05D13:24:57.250574554,IBM,243.3,1
2025.05.05D13:24:57.250628612,IBM,243.3,25
2025.05.05D13:24:57.250631732,IBM,243.3,11
2025.05.05D13:24:57.250670959,IBM,243.21,1
2025.05.05D13:24:57.445186137,IBM,243.44,10
2025.05.05D13:27:04.861072125,IBM,243.2,1
2025.05.05D13:27:04.862350111,IBM,243.18,2
2025.05.05D13:27:04.863983036,IBM,243.12,64
2025.05.05D13:27:56.180970348,IBM,243.31,4
2025.05.05D13:27:59.343838887,IBM,243.25,10
2025.05.05D13:27:59.343841688,IBM,243.25,16
2025.05.05D13:29:32.079779250,IBM,243.5,10
2025.05.05D13:30:01.065649000,IBM,243.74,43117
2025.05.05D13:30:01.065649000,IBM,243.74,43117
2025.05.05D13:30:01.079911532,IBM,243.77,1
2025.05.05D13:30:01.079914461,IBM,243.77,1
2025.05.05D13:30:01.082001480,IBM,243.6,15
2025.05.05D13:30:01.082338253,IBM,243.64,1
2025.05.05D13:30:01.082369004,IBM,243.64,1
2025.05.05D13:30:01.082369004,IBM,243.64,1
2025.05.05D13:30:01.082383417,IBM,243.72,11
2025.05.05D13:30:01.082398418,IBM,243.64,16
2025.05.05D13:30:01.082425444,IBM,243.77,5
2025.05.05D13:30:01.082500735,IBM,243.72,5
2025.05.05D13:30:01.082783355,IBM,243.64,16
2025.05.05D13:30:01.262370945,IBM,243.32,1
2025.05.05D13:30:01.262776923,IBM,243.9,1
2025.05.05D13:30:01.264401029,IBM,243.9,1
2025.05.05D13:30:01.280831983,IBM,243.74,1
2025.05.05D13:30:01.296228578,IBM,243.32,1
2025.05.05D13:30:01.297687111,IBM,243.74,1
2025.05.05D13:30:01.302375198,IBM,244.09,1
2025.05.05D13:30:01.310653889,IBM,244.09,1
2025.05.05D13:30:01.320628687,IBM,244.09,1
2025.05.05D13:30:01.337129036,IBM,244.09,1
2025.05.05D13:30:01.337471850,IBM,244.09,1
2025.05.05D13:30:01.340042930,IBM,244.09,1
2025.05.05D13:30:01.341994621,IBM,244.09,1
2025.05.05D13:30:01.349076335,IBM,244.09,1
2025.05.05D13:30:01.368171922,IBM,243.8,3
2025.05.05D13:30:01.385111308,IBM,244.09,1
2025.05.05D13:30:01.420974679,IBM,244.09,1
2025.05.05D13:30:01.435905181,IBM,244.09,1
2025.05.05D13:30:01.449073580,IBM,244.09,1
2025.05.05D13:30:01.450303493,IBM,244.09,1
2025.05.05D13:30:01.450739527,IBM,243.74,11
2025.05.05D13:30:01.451136454,IBM,243.74,3
2025.05.05D13:30:01.451259726,IBM,243.74,15
2025.05.05D13:30:01.451262744,IBM,243.74,15
2025.05.05D13:30:01.451359363,IBM,243.74,35
2025.05.05D13:30:01.451407198,IBM,243.74,15
2025.05.05D13:30:01.451569459,IBM,243.74,15
2025.05.05D13:30:01.451864534,IBM,243.74,114
2025.05.05D13:30:01.452083731,IBM,243.74,18
2025.05.05D13:30:01.452137905,IBM,243.74,7
2025.05.05D13:30:01.452267121,IBM,243.74,7
2025.05.05D13:30:01.453181375,IBM,243.74,18
2025.05.05D13:30:01.453250610,IBM,243.74,15
2025.05.05D13:30:01.453427957,IBM,243.74,4
2025.05.05D13:30:01.453557205,IBM,243.74,3
2025.05.05D13:30:01.453629346,IBM,243.74,3
2025.05.05D13:30:01.453686619,IBM,243.74,3
2025.05.05D13:30:01.454321046,IBM,243.74,300
2025.05.05D13:30:01.454408296,IBM,243.74,2
2025.05.05D13:30:01.454465390,IBM,243.74,21
2025.05.05D13:30:01.454561589,IBM,243.74,2
2025.05.05D13:30:01.454588751,IBM,243.74,37
2025.05.05D13:30:01.454615709,IBM,243.74,3
2025.05.05D13:30:01.454717974,IBM,243.74,11
2025.05.05D13:30:01.454775090,IBM,243.74,3
2025.05.05D13:30:01.454865352,IBM,243.74,6
2025.05.05D13:30:01.455313397,IBM,243.74,7
2025.05.05D13:30:01.455460840,IBM,243.74,1
2025.05.05D13:30:01.456278745,IBM,243.74,20
2025.05.05D13:30:01.456368877,IBM,243.74,4
2025.05.05D13:30:01.457349259,IBM,243.74,2
2025.05.05D13:30:01.457430411,IBM,243.74,2
2025.05.05D13:30:01.480510373,IBM,244.09,1
2025.05.05D13:30:01.529157240,IBM,243.8,20
2025.05.05D13:30:01.563995173,IBM,243.64,1
2025.05.05D13:30:01.634552179,IBM,243.8,1
2025.05.05D13:30:01.659650685,IBM,243.74,1
2025.05.05D13:30:01.660347723,IBM,243.74,1
2025.05.05D13:30:01.663739805,IBM,243.74,1
2025.05.05D13:30:01.693697124,IBM,243.74,1
2025.05.05D13:30:01.695985533,IBM,243.74,1
2025.05.05D13:30:01.698544586,IBM,243.74,1
2025.05.05D13:30:01.700833015,IBM,243.74,1
2025.05.05D13:30:01.702544097,IBM,243.74,1
2025.05.05D13:30:01.704240160,IBM,243.74,1
2025.05.05D13:30:01.705888148,IBM,243.74,1
2025.05.05D13:30:01.709565789,IBM,243.74,1
2025.05.05D13:30:01.711039368,IBM,243.74,1
2025.05.05D13:30:01.713625601,IBM,243.74,1
2025.05.05D13:30:01.715116996,IBM,243.74,1
2025.05.05D13:30:01.717351401,IBM,243.74,1
2025.05.05D13:30:01.718668515,IBM,243.74,1
2025.05.05D13:30:01.720899778,IBM,243.74,1
2025.05.05D13:30:01.722301133,IBM,243.74,1
2025.05.05D13:30:01.741528916,IBM,243.74,1
2025.05.05D13:30:01.743426483,IBM,243.74,1
2025.05.05D13:30:01.746571931,IBM,243.74,1
2025.05.05D13:30:01.747795855,IBM,243.74,1
2025.05.05D13:30:01.749055880,IBM,243.74,1
2025.05.05D13:30:01.750962446,IBM,243.74,1
2025.05.05D13:30:01.752598284,IBM,243.74,1
2025.05.05D13:30:01.754715350,IBM,243.74,1
2025.05.05D13:30:01.755509340,IBM,243.74,1
2025.05.05D13:30:01.757629264,IBM,243.74,1
2025.05.05D13:30:01.758669735,IBM,243.74,1
2025.05.05D13:30:01.760317752,IBM,243.74,1
2025.05.05D13:30:01.761213786,IBM,243.74,1
2025.05.05D13:30:01.762260316,IBM,243.74,1
2025.05.05D13:30:01.763457173,IBM,243.74,1
2025.05.05D13:30:01.787857336,IBM,243.74,1
2025.05.05D13:30:01.791321918,IBM,243.74,1
2025.05.05D13:30:01.793850549,IBM,243.74,1
2025.05.05D13:30:01.796196169,IBM,243.74,1
2025.05.05D13:30:01.798592814,IBM,243.74,1
2025.05.05D13:30:01.800733932,IBM,243.74,1
2025.05.05D13:30:01.801939970,IBM,243.74,1
2025.05.05D13:30:01.804255275,IBM,243.74,1
2025.05.05D13:30:01.805668725,IBM,243.74,1
2025.05.05D13:30:01.806522731,IBM,243.74,1
2025.05.05D13:30:01.807436917,IBM,243.74,1
2025.05.05D13:30:01.808738953,IBM,243.74,1
2025.05.05D13:30:01.917553157,IBM,243.75,2
2025.05.05D13:30:01.917643372,IBM,243.75,8
2025.05.05D13:30:01.917724499,IBM,243.75,2
2025.05.05D13:30:01.917805700,IBM,243.75,18
2025.05.05D13:30:01.917883942,IBM,243.75,10
2025.05.05D13:30:01.917971127,IBM,243.75,69
2025.05.05D13:30:01.975600274,IBM,243.8,1
2025.05.05D13:30:01.981984595,IBM,243.8,1
2025.05.05D13:30:01.982092760,IBM,244,1
2025.05.05D13:30:01.982501710,IBM,244,1
2025.05.05D13:30:01.988389806,IBM,243.74,1
2025.05.05D13:30:01.995303240,IBM,243.75,1
2025.05.05D13:30:02.020214516,IBM,243.74,1
2025.05.05D13:30:02.072996277,IBM,243.74,1
2025.05.05D13:30:02.110215817,IBM,243.74,1
2025.05.05D13:30:02.179930840,IBM,243.75,30
2025.05.05D13:30:02.203212303,IBM,244,1
2025.05.05D13:30:02.211984301,IBM,243.8,2
2025.05.05D13:30:02.214254587,IBM,243.8,1
2025.05.05D13:30:02.215463522,IBM,244,1
2025.05.05D13:30:02.228487604,IBM,243.74,1
2025.05.05D13:30:02.241481384,IBM,243.74,1
2025.05.05D13:30:02.241517552,IBM,243.74,1
2025.05.05D13:30:02.241556589,IBM,243.74,1
2025.05.05D13:30:02.241571716,IBM,243.74,1
2025.05.05D13:30:02.241580774,IBM,243.74,1
2025.05.05D13:30:02.241875536,IBM,243.74,1
2025.05.05D13:30:02.241914493,IBM,243.74,1
2025.05.05D13:30:02.245526041,IBM,243.74,1
2025.05.05D13:30:02.245613350,IBM,243.74,1
2025.05.05D13:30:02.245667454,IBM,243.74,1
2025.05.05D13:30:02.245688565,IBM,243.74,1
2025.05.05D13:30:02.245730577,IBM,243.74,1
2025.05.05D13:30:02.245751594,IBM,243.74,1
2025.05.05D13:30:02.245778635,IBM,243.74,1
2025.05.05D13:30:02.245808719,IBM,243.74,1
2025.05.05D13:30:02.247390454,IBM,243.74,1
2025.05.05D13:30:02.271772536,IBM,243.74,1
2025.05.05D13:30:02.285482235,IBM,243.74,1
2025.05.05D13:30:02.285506295,IBM,243.74,1
2025.05.05D13:30:02.285545324,IBM,243.74,1
2025.05.05D13:30:02.285563459,IBM,243.74,1
2025.05.05D13:30:02.285584427,IBM,243.74,1
2025.05.05D13:30:02.285608510,IBM,243.74,1
2025.05.05D13:30:02.285632623,IBM,243.74,1
2025.05.05D13:30:02.288555584,IBM,243.74,1
2025.05.05D13:30:02.303934108,IBM,243.74,1
2025.05.05D13:30:02.312961643,IBM,243.8,2
2025.05.05D13:30:02.316988233,IBM,243.75,2
2025.05.05D13:30:02.317054398,IBM,243.75,8
2025.05.05D13:30:02.317114607,IBM,243.75,2
2025.05.05D13:30:02.320028502,IBM,243.74,1
2025.05.05D13:30:02.335130393,IBM,243.74,1
2025.05.05D13:30:02.343147494,IBM,243.74,1
2025.05.05D13:30:02.363990255,IBM,243.74,1
2025.05.05D13:30:02.374235662,IBM,243.74,1
2025.05.05D13:30:02.381810602,IBM,243.74,1
2025.05.05D13:30:02.383004409,IBM,243.74,1
2025.05.05D13:30:02.385749923,IBM,243.74,1
2025.05.05D13:30:02.389103033,IBM,243.74,1
2025.05.05D13:30:02.392474044,IBM,243.74,1
2025.05.05D13:30:02.393586676,IBM,243.74,1
2025.05.05D13:30:02.393767055,IBM,243.74,1
2025.05.05D13:30:02.395520225,IBM,243.74,1
2025.05.05D13:30:02.396840380,IBM,243.74,1
2025.05.05D13:30:02.399955758,IBM,243.74,1
2025.05.05D13:30:02.401787119,IBM,243.74,1
2025.05.05D13:30:02.406941373,IBM,243.74,1
2025.05.05D13:30:02.408147347,IBM,243.74,1
2025.05.05D13:30:02.409353215,IBM,243.74,1
2025.05.05D13:30:02.410547023,IBM,243.74,1
2025.05.05D13:30:02.411662646,IBM,243.74,1
2025.05.05D13:30:02.412582888,IBM,243.74,1
2025.05.05D13:30:02.421652460,IBM,243.74,1
2025.05.05D13:30:02.440973457,IBM,243.74,1
2025.05.05D13:30:02.460321605,IBM,243.74,1
2025.05.05D13:30:02.465406631,IBM,243.8,4
2025.05.05D13:30:02.465767674,IBM,243.8,1
2025.05.05D13:30:02.473222319,IBM,243.74,1
2025.05.05D13:30:02.491172102,IBM,243.74,1
2025.05.05D13:30:02.506694963,IBM,243.74,1
2025.05.05D13:30:02.563575398,IBM,243.74,1
2025.05.05D13:30:02.569409313,IBM,243.5,18
2025.05.05D13:30:02.570107003,IBM,243.75,2
2025.05.05D13:30:02.570149169,IBM,243.75,8
2025.05.05D13:30:02.570206289,IBM,243.75,2
2025.05.05D13:30:02.571733897,IBM,243.75,2
2025.05.05D13:30:02.571854138,IBM,243.75,8
2025.05.05D13:30:02.572100743,IBM,243.75,2
2025.05.05D13:30:02.581696670,IBM,243.74,1
2025.05.05D13:30:02.584213668,IBM,243.74,1
2025.05.05D13:30:02.588895735,IBM,243.74,1
2025.05.05D13:30:02.596585139,IBM,243.74,1
2025.05.05D13:30:02.601429683,IBM,243.74,1
2025.05.05D13:30:02.602476077,IBM,243.74,1
2025.05.05D13:30:02.604975016,IBM,243.74,1
2025.05.05D13:30:02.606505754,IBM,243.74,1
2025.05.05D13:30:02.609004599,IBM,243.74,1
2025.05.05D13:30:02.611557669,IBM,243.74,1
2025.05.05D13:30:02.615500086,IBM,243.74,1
2025.05.05D13:30:02.620913005,IBM,243.74,1
2025.05.05D13:30:02.624524632,IBM,243.74,1
2025.05.05D13:30:02.626975394,IBM,243.74,1
2025.05.05D13:30:02.628382788,IBM,243.74,1
2025.05.05D13:30:02.630538927,IBM,243.74,1
2025.05.05D13:30:02.632697996,IBM,243.74,1
2025.05.05D13:30:02.633416833,IBM,243.74,1
2025.05.05D13:30:02.645499562,IBM,243.74,1
2025.05.05D13:30:02.650963635,IBM,243.74,1
2025.05.05D13:30:02.689133398,IBM,243.74,1
2025.05.05D13:30:02.704127141,IBM,243.74,1
2025.05.05D13:30:02.706211159,IBM,243.74,1
2025.05.05D13:30:02.710087373,IBM,243.74,1
2025.05.05D13:30:02.713954516,IBM,243.74,1
2025.05.05D13:30:02.726491500,IBM,243.74,1
2025.05.05D13:30:02.731098382,IBM,243.8,3
2025.05.05D13:30:02.732048608,IBM,243.8,1
2025.05.05D13:30:02.735609166,IBM,243.74,1
2025.05.05D13:30:02.748467743,IBM,243.74,1
2025.05.05D13:30:02.756199100,IBM,243.74,1
2025.05.05D13:30:02.762357783,IBM,243.74,1
2025.05.05D13:30:02.769123936,IBM,243.74,1
2025.05.05D13:30:02.775691562,IBM,243.74,1
2025.05.05D13:30:02.781510373,IBM,243.755,52
2025.05.05D13:30:02.786201651,IBM,243.74,1
2025.05.05D13:30:02.808653115,IBM,243.74,1
2025.05.05D13:30:02.935233511,IBM,243.74,10
2025.05.05D13:30:02.935642519,IBM,243.74,1
2025.05.05D13:30:02.935931169,IBM,243.74,1
2025.05.05D13:30:02.936147735,IBM,243.74,1
2025.05.05D13:30:02.936758225,IBM,243.74,1
2025.05.05D13:30:02.937070933,IBM,243.74,1
2025.05.05D13:30:02.937200229,IBM,243.74,10
2025.05.05D13:30:02.937281328,IBM,243.74,2
2025.05.05D13:30:02.937431771,IBM,243.74,1
2025.05.05D13:30:02.937600073,IBM,243.74,9
2025.05.05D13:30:03.055219300,IBM,243.74,1
2025.05.05D13:30:03.057462600,IBM,243.74,1
2025.05.05D13:30:03.115076700,IBM,244.684,1
2025.05.05D13:30:03.151487414,IBM,243.51,50
2025.05.05D13:30:03.151595639,IBM,243.51,50
2025.05.05D13:30:03.194844812,IBM,243.74,1
2025.05.05D13:30:03.237759873,IBM,243.74,1
2025.05.05D13:30:03.237907230,IBM,243.74,1
2025.05.05D13:30:03.238063602,IBM,243.74,1
2025.05.05D13:30:03.238271006,IBM,243.74,2
2025.05.05D13:30:03.238547724,IBM,243.74,1
2025.05.05D13:30:03.238764297,IBM,243.74,10
2025.05.05D13:30:03.238914590,IBM,243.74,59
2025.05.05D13:30:03.264580737,IBM,243.74,1
2025.05.05D13:30:03.269584634,IBM,243.74,55
2025.05.05D13:30:03.323737552,IBM,243.8,2
2025.05.05D13:30:03.324167697,IBM,243.8,1
2025.05.05D13:30:03.325012593,IBM,243.531,1
2025.05.05D13:30:03.325093776,IBM,243.531,1
2025.05.05D13:30:03.325454732,IBM,243.5311,2
2025.05.05D13:30:03.325803492,IBM,243.5311,1
2025.05.05D13:30:03.360482126,IBM,243.74,1
2025.05.05D13:30:03.402967230,IBM,243.74,1
2025.05.05D13:30:03.430933758,IBM,243.74,1
2025.05.05D13:30:03.431595414,IBM,243.74,1
2025.05.05D13:30:03.599981312,IBM,243.74,1
2025.05.05D13:30:03.649512231,IBM,243.74,1
2025.05.05D13:30:03.673085442,IBM,243.74,1
2025.05.05D13:30:03.673930397,IBM,243.74,1
2025.05.05D13:30:03.674643085,IBM,243.74,1
2025.05.05D13:30:03.675876013,IBM,243.8,4
2025.05.05D13:30:03.675882207,IBM,243.74,1
2025.05.05D13:30:03.676237017,IBM,243.8,1
2025.05.05D13:30:03.676898532,IBM,243.74,1
2025.05.05D13:30:03.678167521,IBM,243.74,1
2025.05.05D13:30:03.679827489,IBM,243.74,1
2025.05.05D13:30:03.681267884,IBM,243.74,1
2025.05.05D13:30:03.682395545,IBM,243.74,1
2025.05.05D13:30:03.683108279,IBM,243.74,1
2025.05.05D13:30:03.685610267,IBM,243.74,1
2025.05.05D13:30:03.686957394,IBM,243.74,1
2025.05.05D13:30:03.687949742,IBM,243.74,1
2025.05.05D13:30:03.689693967,IBM,243.74,1
2025.05.05D13:30:03.690391595,IBM,243.74,1
2025.05.05D13:30:03.691411015,IBM,243.74,1
2025.05.05D13:30:03.691654729,IBM,243.755,100
2025.05.05D13:30:03.710912438,IBM,243.8,10
2025.05.05D13:30:03.711098916,IBM,243.85,1
2025.05.05D13:30:03.711101997,IBM,243.85,1
2025.05.05D13:30:03.711104956,IBM,243.85,1
2025.05.05D13:30:03.711128930,IBM,243.85,1
2025.05.05D13:30:03.711132051,IBM,243.9,2
2025.05.05D13:30:03.711171053,IBM,243.85,11
2025.05.05D13:30:03.716433649,IBM,243.755,100
2025.05.05D13:30:03.738121213,IBM,243.755,46
2025.05.05D13:30:03.743248530,IBM,243.755,1
2025.05.05D13:30:03.812271878,IBM,243.8,1
2025.05.05D13:30:03.812629649,IBM,243.8,1
2025.05.05D13:30:03.890018966,IBM,243.755,2
2025.05.05D13:30:03.890142269,IBM,243.755,6
2025.05.05D13:30:03.890674511,IBM,243.755,2
2025.05.05D13:30:03.890806883,IBM,243.755,2
2025.05.05D13:30:03.891543671,IBM,243.755,9
2025.05.05D13:30:03.892993126,IBM,243.755,1
2025.05.05D13:30:03.896105581,IBM,243.755,1
2025.05.05D13:30:04.038205908,IBM,243.74,1
2025.05.05D13:30:04.045449999,IBM,243.74,1
2025.05.05D13:30:04.160882982,IBM,243.8,1
2025.05.05D13:30:04.264374410,IBM,243.76,100
2025.05.05D13:30:04.311048423,IBM,243.76,100
2025.05.05D13:30:04.334474259,IBM,243.74,1
2025.05.05D13:30:04.438110045,IBM,243.8285,1
2025.05.05D13:30:04.746292835,IBM,243.5101,1
2025.05.05D13:30:04.908847933,IBM,243.74,1
2025.05.05D13:30:04.940907329,IBM,243.74,1
2025.05.05D13:30:04.954093718,IBM,243.74,1
2025.05.05D13:30:04.971120146,IBM,243.74,1
2025.05.05D13:30:04.971258526,IBM,243.74,1
2025.05.05D13:30:04.971947240,IBM,243.74,1
2025.05.05D13:30:04.986682231,IBM,243.74,1
2025.05.05D13:30:05.049023724,IBM,243.51,1
2025.05.05D13:30:05.067373380,IBM,243.74,1
2025.05.05D13:30:05.071192553,IBM,243.74,1
2025.05.05D13:30:05.089412929,IBM,243.74,1
2025.05.05D13:30:05.100322880,IBM,243.74,1
2025.05.05D13:30:05.131507157,IBM,243.8558,1
2025.05.05D13:30:05.146708376,IBM,243.74,1
2025.05.05D13:30:05.165445981,IBM,243.74,1
2025.05.05D13:30:05.210604427,IBM,243.74,1
2025.05.05D13:30:05.212862812,IBM,243.74,1
2025.05.05D13:30:05.218759918,IBM,243.74,1
2025.05.05D13:30:05.234523385,IBM,243.74,1
2025.05.05D13:30:05.234926416,IBM,243.74,1
2025.05.05D13:30:05.250900401,IBM,243.74,1
2025.05.05D13:30:05.270083069,IBM,243.64,204
2025.05.05D13:30:05.279456469,IBM,243.74,1
2025.05.05D13:30:05.280683396,IBM,243.74,1
2025.05.05D13:30:05.306130059,IBM,243.74,1
2025.05.05D13:30:05.313900466,IBM,243.74,1
2025.05.05D13:30:05.354614353,IBM,243.5,1
2025.05.05D13:30:05.354638566,IBM,243.5,1
2025.05.05D13:30:05.354680571,IBM,243.5,1
2025.05.05D13:30:05.360310029,IBM,243.74,1
2025.05.05D13:30:05.365256790,IBM,243.74,1
2025.05.05D13:30:05.401679494,IBM,243.74,1
2025.05.05D13:30:05.406833709,IBM,243.74,1
2025.05.05D13:30:05.412478291,IBM,243.74,1
2025.05.05D13:30:05.426482533,IBM,243.74,1
2025.05.05D13:30:05.435810746,IBM,243.74,1
2025.05.05D13:30:05.436318968,IBM,243.5409,1
2025.05.05D13:30:05.440138048,IBM,243.74,1
2025.05.05D13:30:05.454797972,IBM,243.74,1
2025.05.05D13:30:05.459898118,IBM,243.74,1
2025.05.05D13:30:05.466871685,IBM,243.74,1
2025.05.05D13:30:05.496459114,IBM,243.74,1
2025.05.05D13:30:05.502813252,IBM,243.74,1
2025.05.05D13:30:05.512628655,IBM,243.74,1
2025.05.05D13:30:05.527679557,IBM,243.74,1
2025.05.05D13:30:05.564264659,IBM,243.5101,1
2025.05.05D13:30:05.566225326,IBM,243.74,1
2025.05.05D13:30:05.599009366,IBM,243.755,1
2025.05.05D13:30:05.607892519,IBM,243.9,37
2025.05.05D13:30:05.621713424,IBM,243.74,1
2025.05.05D13:30:05.637708528,IBM,243.74,1
2025.05.05D13:30:05.684923985,IBM,243.74,1
2025.05.05D13:30:05.710794509,IBM,243.74,1
2025.05.05D13:30:05.753189466,IBM,243.74,1
2025.05.05D13:30:05.763765695,IBM,243.74,1
2025.05.05D13:30:05.765681227,IBM,243.74,1
2025.05.05D13:30:05.777947467,IBM,243.74,1
2025.05.05D13:30:05.804425445,IBM,243.74,1
2025.05.05D13:30:05.804696198,IBM,243.74,1
2025.05.05D13:30:05.854717313,IBM,243.74,1
2025.05.05D13:30:05.876053039,IBM,243.74,1
2025.05.05D13:30:05.897169340,IBM,243.74,1
2025.05.05D13:30:05.902937095,IBM,243.74,1
2025.05.05D13:30:05.949584156,IBM,243.5101,1
2025.05.05D13:30:05.950606689,IBM,243.8,8
2025.05.05D13:30:05.951791457,IBM,243.8,1
2025.05.05D13:30:05.975433714,IBM,243.74,1
2025.05.05D13:30:06.203373541,IBM,243.94,15
2025.05.05D13:30:06.246658715,IBM,243.5101,2
2025.05.05D13:30:06.350700493,IBM,243.74,1
2025.05.05D13:30:06.362308056,IBM,243.6962,1
2025.05.05D13:30:06.538476562,IBM,243.755,100
2025.05.05D13:30:06.645829146,IBM,243.74,1
2025.05.05D13:30:06.701145961,IBM,243.85,2
2025.05.05D13:30:06.705449200,IBM,243.85,2
2025.05.05D13:30:06.705593606,IBM,243.85,4
2025.05.05D13:30:06.884293968,IBM,244,13
2025.05.05D13:30:06.974620007,IBM,243.51,1
2025.05.05D13:30:07.063905662,IBM,243.74,1
2025.05.05D13:30:07.089126674,IBM,243.74,1
2025.05.05D13:30:07.161536110,IBM,243.74,1
2025.05.05D13:30:07.162203767,IBM,243.74,1
2025.05.05D13:30:07.172067210,IBM,243.74,1
2025.05.05D13:30:07.498795268,IBM,243.88,3
2025.05.05D13:30:07.677594944,IBM,243.85,4
2025.05.05D13:30:07.929606933,IBM,243.784,1
2025.05.05D13:30:07.950575800,IBM,243.85,1
2025.05.05D13:30:07.970765887,IBM,243.85,1
2025.05.05D13:30:07.972155153,IBM,243.74,1
2025.05.05D13:30:07.975592336,IBM,243.74,1
2025.05.05D13:30:07.975769812,IBM,243.74,1
2025.05.05D13:30:07.977267403,IBM,243.74,1
2025.05.05D13:30:07.978659737,IBM,243.74,1
2025.05.05D13:30:07.978900241,IBM,243.74,1
2025.05.05D13:30:07.979264233,IBM,243.74,1
2025.05.05D13:30:07.979312328,IBM,243.74,1
2025.05.05D13:30:07.979598001,IBM,243.74,1
2025.05.05D13:30:07.981465419,IBM,243.74,1
2025.05.05D13:30:07.983408156,IBM,243.74,1
2025.05.05D13:30:07.986580541,IBM,243.74,1
2025.05.05D13:30:07.993849011,IBM,243.74,1
2025.05.05D13:30:07.993930133,IBM,243.74,1
2025.05.05D13:30:07.996410910,IBM,243.74,1
2025.05.05D13:30:08.030322747,IBM,243.74,1
2025.05.05D13:30:08.047213897,IBM,243.9,5
2025.05.05D13:30:08.047280095,IBM,243.9,2
2025.05.05D13:30:08.047788334,IBM,243.755,3
2025.05.05D13:30:08.047854495,IBM,243.755,1
2025.05.05D13:30:08.047911584,IBM,243.755,200
2025.05.05D13:30:08.048537144,IBM,243.755,3
2025.05.05D13:30:08.049550510,IBM,243.755,100
2025.05.05D13:30:08.049730871,IBM,243.755,6
2025.05.05D13:30:08.049827210,IBM,243.755,1
2025.05.05D13:30:08.049977547,IBM,243.755,176
2025.05.05D13:30:08.058864094,IBM,243.96,100
2025.05.05D13:30:08.058866654,IBM,244,139
2025.05.05D13:30:08.058870149,IBM,244,12
2025.05.05D13:30:08.058870149,IBM,244,582
2025.05.05D13:30:08.058884908,IBM,243.96,100
2025.05.05D13:30:08.058884908,IBM,243.98,12
2025.05.05D13:30:08.058887697,IBM,244,803
2025.05.05D13:30:08.058902803,IBM,243.8,25
2025.05.05D13:30:08.058914795,IBM,243.95,100
2025.05.05D13:30:08.058929947,IBM,243.94,100
2025.05.05D13:30:08.058933064,IBM,244,12
2025.05.05D13:30:08.058933064,IBM,243.94,10
2025.05.05D13:30:08.058947817,IBM,243.755,67
2025.05.05D13:30:08.058957938,IBM,243.755,22
2025.05.05D13:30:08.058957938,IBM,244,26
2025.05.05D13:30:08.058977921,IBM,244,2
2025.05.05D13:30:08.058983894,IBM,243.755,5
2025.05.05D13:30:08.059011020,IBM,243.8,40
2025.05.05D13:30:08.059065162,IBM,243.8,100
2025.05.05D13:30:08.059077247,IBM,243.8,100
2025.05.05D13:30:08.059084026,IBM,243.8,60
2025.05.05D13:30:08.059084026,IBM,243.97,25
2025.05.05D13:30:08.059086233,IBM,244,15
2025.05.05D13:30:08.059089708,IBM,243.8,73
2025.05.05D13:30:08.059089708,IBM,243.99,25
2025.05.05D13:30:08.059227600,IBM,243.755,10
2025.05.05D13:30:08.059251613,IBM,243.755,25
2025.05.05D13:30:08.059266615,IBM,243.755,10
2025.05.05D13:30:08.059296728,IBM,243.755,100
2025.05.05D13:30:08.059302651,IBM,243.755,155
2025.05.05D13:30:08.059408053,IBM,243.92,10
2025.05.05D13:30:08.059416963,IBM,243.755,64
2025.05.05D13:30:08.059618417,IBM,243.755,3
2025.05.05D13:30:08.059639827,IBM,243.92,25
2025.05.05D13:30:08.059639827,IBM,243.93,5
2025.05.05D13:30:08.059642647,IBM,243.96,37
2025.05.05D13:30:08.059666638,IBM,243.755,7
2025.05.05D13:30:08.059675558,IBM,243.7875,100
2025.05.05D13:30:08.059687653,IBM,243.755,1
2025.05.05D13:30:08.059696629,IBM,243.755,100
2025.05.05D13:30:08.059738747,IBM,243.755,3
2025.05.05D13:30:08.059807914,IBM,243.755,1
2025.05.05D13:30:08.059819882,IBM,243.755,12
2025.05.05D13:30:08.059837957,IBM,243.755,100
2025.05.05D13:30:08.059868003,IBM,243.755,25
2025.05.05D13:30:08.059901104,IBM,243.7975,5
2025.05.05D13:30:08.059958251,IBM,243.8,20
2025.05.05D13:30:08.059970245,IBM,243.7875,25
2025.05.05D13:30:08.060042438,IBM,243.7675,66
2025.05.05D13:30:08.060168806,IBM,243.8,100
2025.05.05D13:30:08.060222880,IBM,243.84,12
2025.05.05D13:30:08.087714345,IBM,243.96,1
2025.05.05D13:30:08.095136015,IBM,243.74,1
2025.05.05D13:30:08.097698091,IBM,243.74,1
2025.05.05D13:30:08.177742727,IBM,243.74,1
2025.05.05D13:30:08.179147066,IBM,243.93,3
2025.05.05D13:30:08.182638476,IBM,243.74,1
2025.05.05D13:30:08.281077839,IBM,243.74,1
2025.05.05D13:30:08.287910054,IBM,243.74,1
2025.05.05D13:30:08.419250770,IBM,243.74,1
2025.05.05D13:30:08.493735162,IBM,243.94,1
2025.05.05D13:30:08.611294168,IBM,243.94,1
2025.05.05D13:30:08.700062540,IBM,243.74,1
2025.05.05D13:30:08.706756427,IBM,243.74,1
2025.05.05D13:30:08.708503580,IBM,243.74,1
2025.05.05D13:30:08.732121826,IBM,243.74,1
2025.05.05D13:30:08.818006304,IBM,243.52,1
2025.05.05D13:30:09.484363153,IBM,243.755,4
2025.05.05D13:30:09.486065228,IBM,243.755,1
2025.05.05D13:30:09.558155910,IBM,244,1
2025.05.05D13:30:09.559599301,IBM,244,2
2025.05.05D13:30:09.561325386,IBM,244,3
2025.05.05D13:30:09.562408007,IBM,244,1
2025.05.05D13:30:09.562795980,IBM,244,1
2025.05.05D13:30:10.150716957,IBM,243.76,19
2025.05.05D13:30:10.698029253,IBM,243.76,860
2025.05.05D13:30:10.949560274,IBM,243.76,20
2025.05.05D13:30:11.876580790,IBM,243.96,2
2025.05.05D13:30:14.774737669,IBM,243.96,20
2025.05.05D13:30:15.618143953,IBM,244,55
2025.05.05D13:30:15.618153136,IBM,244,67
2025.05.05D13:30:15.618155972,IBM,244,6
2025.05.05D13:30:15.618213160,IBM,244,2
2025.05.05D13:30:15.618270222,IBM,244,3
2025.05.05D13:30:15.618282324,IBM,244,1
2025.05.05D13:30:15.618321446,IBM,244.05,2
2025.05.05D13:30:15.618402551,IBM,243.96,100
2025.05.05D13:30:15.618405568,IBM,244,100
2025.05.05D13:30:15.618408528,IBM,244,66
2025.05.05D13:30:15.618411674,IBM,244,100
2025.05.05D13:30:15.618411674,IBM,244,155
2025.05.05D13:30:15.618414634,IBM,244,100
2025.05.05D13:30:15.618417523,IBM,244.09,1
2025.05.05D13:30:15.618420873,IBM,244.11,100
2025.05.05D13:30:15.618426600,IBM,244,100
2025.05.05D13:30:15.618447605,IBM,244.14,5
2025.05.05D13:30:15.618486749,IBM,244.08,100
2025.05.05D13:30:15.618628039,IBM,244.15,5
2025.05.05D13:30:15.618742331,IBM,244.2,1
2025.05.05D13:30:15.618805504,IBM,244.19,13
2025.05.05D13:30:15.618823533,IBM,244.24,12
2025.05.05D13:30:15.618835679,IBM,244.22,12
2025.05.05D13:30:15.618838659,IBM,244.25,5
2025.05.05D13:30:15.618862892,IBM,244.25,12
2025.05.05D13:30:15.618898838,IBM,244.3,1
2025.05.05D13:30:15.618937872,IBM,244,20
2025.05.05D13:30:15.620119673,IBM,244.22,5
2025.05.05D13:30:15.620387289,IBM,244.22,5
2025.05.05D13:30:15.620982683,IBM,244.22,1
2025.05.05D13:30:15.621154126,IBM,244.19,37
2025.05.05D13:30:15.635868120,IBM,244.23,25
2025.05.05D13:30:15.635910248,IBM,244.23,12
2025.05.05D13:30:16.093049854,IBM,244.34,10
2025.05.05D13:30:16.094908249,IBM,244.34,6
2025.05.05D13:30:16.269834785,IBM,244.34,7
2025.05.05D13:30:16.449353195,IBM,243.74,1
2025.05.05D13:30:16.449377401,IBM,243.74,1
2025.05.05D13:30:16.449443453,IBM,243.74,1
2025.05.05D13:30:16.699576206,IBM,243.74,1
2025.05.05D13:30:16.699582226,IBM,243.74,1
2025.05.05D13:30:16.699894998,IBM,243.74,1
2025.05.05D13:30:16.700099509,IBM,243.74,1
2025.05.05D13:30:16.700132692,IBM,243.74,1
2025.05.05D13:30:16.712092041,IBM,244.34,178
2025.05.05D13:30:17.046368173,IBM,244.19,100
2025.05.05D13:30:17.480514833,IBM,244.0001,1
2025.05.05D13:30:17.843313729,IBM,243.74,1
2025.05.05D13:30:18.353664930,IBM,243.74,1
2025.05.05D13:30:18.376206546,IBM,244.34,1
2025.05.05D13:30:18.390701012,IBM,244.08,21
2025.05.05D13:30:18.621269075,IBM,244.34,6
2025.05.05D13:30:18.859183672,IBM,244.5125,1
2025.05.05D13:30:19.696954619,IBM,244.345,1
2025.05.05D13:30:20.103949943,IBM,244.5,3
2025.05.05D13:30:20.104049040,IBM,244.45,1
2025.05.05D13:30:20.312274015,IBM,243.74,1
2025.05.05D13:30:20.312304064,IBM,243.74,1
2025.05.05D13:30:21.625567105,IBM,244.4044,250
2025.05.05D13:30:22.157963768,IBM,243.74,1
2025.05.05D13:30:22.158330697,IBM,243.74,1
2025.05.05D13:30:22.547754910,IBM,244.6799,2000
2025.05.05D13:30:22.552794962,IBM,244.6799,1
2025.05.05D13:30:22.850284270,IBM,244.35,12
2025.05.05D13:30:22.851505290,IBM,244.11,77
2025.05.05D13:30:23.087326672,IBM,243.74,1
2025.05.05D13:30:23.381905199,IBM,243.74,1
2025.05.05D13:30:23.446156148,IBM,244.2733,1
2025.05.05D13:30:24.246253505,IBM,244.35,25
2025.05.05D13:30:25.103375488,IBM,244.35,1
2025.05.05D13:30:25.106412675,IBM,244.5,23
2025.05.05D13:30:25.106421716,IBM,244.5,7
2025.05.05D13:30:25.106427763,IBM,244.5,40
2025.05.05D13:30:25.106475803,IBM,244.42,1
2025.05.05D13:30:25.108180871,IBM,244.355,1
2025.05.05D13:30:25.188381882,IBM,244.68,1
2025.05.05D13:30:25.354677872,IBM,244.41,1
2025.05.05D13:30:26.735581005,IBM,244.41,1
2025.05.05D13:30:27.936977854,IBM,244.15,50
2025.05.05D13:30:28.359192293,IBM,244.3236,1
2025.05.05D13:30:29.863019287,IBM,244.1751,100
2025.05.05D13:30:31.008738541,IBM,244.3654,1
2025.05.05D13:30:31.793754900,IBM,244.41,1
2025.05.05D13:30:32.571957011,IBM,244.41,100
2025.05.05D13:30:32.571972019,IBM,244.5,100
2025.05.05D13:30:33.126726898,IBM,244.41,1
2025.05.05D13:30:33.203397458,IBM,244.6788,1
2025.05.05D13:30:33.421191153,IBM,244.248,1
2025.05.05D13:30:34.027684288,IBM,244.572,1
2025.05.05D13:30:34.473856879,IBM,244.52,12
2025.05.05D13:30:34.473919871,IBM,244.65,10
2025.05.05D13:30:35.255613229,IBM,244.572,1
2025.05.05D13:30:35.598258139,IBM,244.572,1
2025.05.05D13:30:36.351214949,IBM,244.572,1
2025.05.05D13:30:37.325486981,IBM,244.692,1
2025.05.05D13:30:37.409007851,IBM,244.3,10
2025.05.05D13:30:38.039913229,IBM,244.485,16
2025.05.05D13:30:38.137116643,IBM,244.692,1
2025.05.05D13:30:38.151051720,IBM,244.692,1
2025.05.05D13:30:38.700477975,IBM,244.485,100
2025.05.05D13:30:38.700601266,IBM,244.485,100
2025.05.05D13:30:38.700673479,IBM,244.485,100
2025.05.05D13:30:38.700679434,IBM,244.485,100
2025.05.05D13:30:38.700938056,IBM,244.485,100
2025.05.05D13:30:38.700977182,IBM,244.485,100
2025.05.05D13:30:39.056129048,IBM,244.485,50
2025.05.05D13:30:39.056219068,IBM,244.485,50
2025.05.05D13:30:39.125119153,IBM,244.56,2
2025.05.05D13:30:39.127019798,IBM,244.83,1
2025.05.05D13:30:39.284402484,IBM,244.37,12
2025.05.05D13:30:39.284406617,IBM,244.37,25
2025.05.05D13:30:39.284406617,IBM,244.35,1
2025.05.05D13:30:40.066029705,IBM,244.684,1
2025.05.05D13:30:40.452128265,IBM,244.3098,20
2025.05.05D13:30:40.537203637,IBM,244.49,4
2025.05.05D13:30:40.721497547,IBM,244.732,1
2025.05.05D13:30:40.781761050,IBM,244.732,1
2025.05.05D13:30:41.150324659,IBM,244.3,1
2025.05.05D13:30:41.629717296,IBM,244.732,1
2025.05.05D13:30:42.598522140,IBM,244.732,1
2025.05.05D13:30:44.356866223,IBM,244.25,1
2025.05.05D13:30:44.359927455,IBM,244.734,1
2025.05.05D13:30:44.533924765,IBM,244.19,1
2025.05.05D13:30:45.483601158,IBM,243.74,1
2025.05.05D13:30:45.555553531,IBM,244.57,1
2025.05.05D13:30:46.398508794,IBM,244.53,1
2025.05.05D13:30:48.456759941,IBM,244.758,1
2025.05.05D13:30:48.461649593,IBM,244.25,100
2025.05.05D13:30:48.461718740,IBM,244.22,100
2025.05.05D13:30:48.461782001,IBM,244.2,100
2025.05.05D13:30:48.461854119,IBM,244.2,100
2025.05.05D13:30:48.461914260,IBM,244.19,100
2025.05.05D13:30:48.461980506,IBM,244.19,100
2025.05.05D13:30:48.491207056,IBM,244.32,7
2025.05.05D13:30:49.603420516,IBM,244.742,1
2025.05.05D13:30:49.610141424,IBM,244.742,1
2025.05.05D13:30:50.132115450,IBM,244.52,1
2025.05.05D13:30:50.571467569,IBM,244.718,1
2025.05.05D13:30:50.571831416,IBM,244.23,1
2025.05.05D13:30:50.605439459,IBM,244.694,1
2025.05.05D13:30:50.605797219,IBM,244.23,30
2025.05.05D13:30:50.606221287,IBM,244.4925,62
2025.05.05D13:30:51.790212631,IBM,244.678,1
2025.05.05D13:30:52.110490313,IBM,243.74,1
2025.05.05D13:30:52.642466047,IBM,244.19,2
2025.05.05D13:30:52.642502089,IBM,243.74,1
2025.05.05D13:30:52.962259535,IBM,244.678,1
2025.05.05D13:30:53.176008517,IBM,243.74,1
2025.05.05D13:30:53.176077677,IBM,243.74,1
2025.05.05D13:30:54.001077142,IBM,244.678,1
2025.05.05D13:30:54.601598154,IBM,244.678,1
2025.05.05D13:30:55.064330928,IBM,244.678,1
2025.05.05D13:30:55.558834507,IBM,243.74,1
2025.05.05D13:30:55.559090134,IBM,243.74,1
2025.05.05D13:30:55.881878780,IBM,244.678,1
2025.05.05D13:30:55.957132986,IBM,244.678,1
2025.05.05D13:30:56.004733281,IBM,244.19,200
2025.05.05D13:30:58.333165712,IBM,244.56,11
2025.05.05D13:30:58.515369579,IBM,244.36,25
2025.05.05D13:30:58.515453755,IBM,244.21,25
2025.05.05D13:30:58.515456839,IBM,244.19,75
2025.05.05D13:30:58.515480832,IBM,244.19,202
2025.05.05D13:30:58.515577132,IBM,244.19,25
2025.05.05D13:30:58.515580043,IBM,244.19,100
2025.05.05D13:30:58.515616146,IBM,244.19,100
2025.05.05D13:30:58.515748855,IBM,244.15,21
2025.05.05D13:30:58.515778507,IBM,244.36,100
2025.05.05D13:30:58.515940925,IBM,244.19,6
2025.05.05D13:30:58.515940925,IBM,244.19,1
2025.05.05D13:30:58.515943956,IBM,244.19,62
2025.05.05D13:30:58.515946974,IBM,244.19,69
2025.05.05D13:30:58.516025311,IBM,244.19,31
2025.05.05D13:30:58.516127327,IBM,244.18,5
2025.05.05D13:30:58.516127327,IBM,244.18,5
2025.05.05D13:30:58.516130341,IBM,244.18,1
2025.05.05D13:30:58.516232677,IBM,244.18,43
2025.05.05D13:30:58.516431082,IBM,244.275,25
2025.05.05D13:30:58.516671625,IBM,244.19,100
2025.05.05D13:30:58.516993465,IBM,244.32,25
2025.05.05D13:30:58.517002487,IBM,244.3,25
2025.05.05D13:30:58.517101700,IBM,244.32,25
2025.05.05D13:30:58.518160193,IBM,244.21,25
2025.05.05D13:30:58.518163202,IBM,244.14,1
2025.05.05D13:30:58.518166236,IBM,244.13,96
2025.05.05D13:30:58.518241486,IBM,244.13,29
2025.05.05D13:30:58.518392000,IBM,244.2,25
2025.05.05D13:30:58.518397750,IBM,244.17,25
2025.05.05D13:30:58.518400810,IBM,244.17,4
2025.05.05D13:30:58.518662451,IBM,244.2,16
2025.05.05D13:30:58.519323992,IBM,244.32,100
2025.05.05D13:30:58.523146103,IBM,244.3,25
2025.05.05D13:30:58.524736923,IBM,244.32,100
2025.05.05D13:30:58.528459789,IBM,244.32,100
2025.05.05D13:30:58.546740299,IBM,244.32,12
2025.05.05D13:30:58.611782120,IBM,244.32,14
2025.05.05D13:30:58.644256480,IBM,244.195,25
2025.05.05D13:30:58.729139632,IBM,244.3292,1
2025.05.05D13:30:58.759442860,IBM,244.32,1
2025.05.05D13:30:58.871673067,IBM,244.32,21
2025.05.05D13:30:59.162585744,IBM,244.32,2
2025.05.05D13:30:59.584890294,IBM,244.32,1
2025.05.05D13:31:00.107168127,IBM,244.32,1
2025.05.05D13:31:00.678405583,IBM,244.46,1
2025.05.05D13:31:01.630250019,IBM,244.33,1
2025.05.05D13:31:01.630307124,IBM,244.33,100
2025.05.05D13:31:01.631251440,IBM,244.34,100
2025.05.05D13:31:01.751453736,IBM,244.46,1
2025.05.05D13:31:02.023944941,IBM,244.46,1
2025.05.05D13:31:02.485546818,IBM,244.55,1
2025.05.05D13:31:02.871106822,IBM,244.34,1
2025.05.05D13:31:02.926519859,IBM,244.46,1
2025.05.05D13:31:03.132173554,IBM,244.46,1
2025.05.05D13:31:03.365616308,IBM,244.46,1
2025.05.05D13:31:03.448614036,IBM,244.5212,1
2025.05.05D13:31:03.782228323,IBM,244.46,1
2025.05.05D13:31:03.827161419,IBM,244.46,1
2025.05.05D13:31:04.006382147,IBM,244.34,1
2025.05.05D13:31:04.388511048,IBM,243.74,1
2025.05.05D13:31:04.767647926,IBM,244.46,1
2025.05.05D13:31:04.776293446,IBM,244.46,1
2025.05.05D13:31:05.133835990,IBM,244.307,2
2025.05.05D13:31:05.289014394,IBM,244.325,1
2025.05.05D13:31:05.502721286,IBM,244.48,25
2025.05.05D13:31:05.502724298,IBM,244.51,3
2025.05.05D13:31:06.639358918,IBM,244.46,1
2025.05.05D13:31:07.480969951,IBM,244.46,1
2025.05.05D13:31:08.468861177,IBM,244.46,1
2025.05.05D13:31:08.646737701,IBM,244.46,1
2025.05.05D13:31:08.770031312,IBM,243.74,1
2025.05.05D13:31:09.199517045,IBM,244.46,1
2025.05.05D13:31:09.264504762,IBM,244.46,1
2025.05.05D13:31:09.930533626,IBM,244.1,1
2025.05.05D13:31:10.260001201,IBM,244.325,1
2025.05.05D13:31:10.481220020,IBM,244.325,1
2025.05.05D13:31:10.513252304,IBM,244.325,1
2025.05.05D13:31:10.678243284,IBM,244.325,1
2025.05.05D13:31:10.690933372,IBM,244.1,1
2025.05.05D13:31:10.706714968,IBM,244.325,1
2025.05.05D13:31:10.763523219,IBM,244.3925,4
2025.05.05D13:31:10.798565737,IBM,244.1,1
2025.05.05D13:31:11.277308668,IBM,244.325,1
2025.05.05D13:31:11.381732351,IBM,244.325,8
2025.05.05D13:31:11.391153777,IBM,244.325,25
2025.05.05D13:31:11.391201879,IBM,244.325,5
2025.05.05D13:31:12.234692631,IBM,244.46,1
2025.05.05D13:31:12.284782900,IBM,244.46,1
2025.05.05D13:31:12.621542820,IBM,244.352,9
2025.05.05D13:31:13.276442210,IBM,244.46,1
2025.05.05D13:31:13.466512722,IBM,244.46,1
2025.05.05D13:31:14.122918712,IBM,244.46,1
2025.05.05D13:31:14.698308811,IBM,243.74,1
2025.05.05D13:31:14.735495371,IBM,244.19,1
2025.05.05D13:31:14.798390174,IBM,244.3588,7
2025.05.05D13:31:15.119654166,IBM,244.46,1
2025.05.05D13:31:15.173335097,IBM,244.46,1
2025.05.05D13:31:15.298096165,IBM,244.2912,5
2025.05.05D13:31:16.445905261,IBM,244.46,1
2025.05.05D13:31:16.683681371,IBM,244.55,1
2025.05.05D13:31:16.821168852,IBM,244.5488,1
2025.05.05D13:31:17.041753016,IBM,244.5155,200
2025.05.05D13:31:17.242622483,IBM,244.46,1
2025.05.05D13:31:17.504943072,IBM,244.46,1
2025.05.05D13:31:17.867420242,IBM,244.3925,2
2025.05.05D13:31:17.892541961,IBM,244.46,1
2025.05.05D13:31:18.200679818,IBM,243.74,1
2025.05.05D13:31:18.388636293,IBM,244.55,1
2025.05.05D13:31:18.398827665,IBM,244.46,1
2025.05.05D13:31:19.865973365,IBM,244.46,1
2025.05.05D13:31:19.924799402,IBM,244.46,1
2025.05.05D13:31:21.120671960,IBM,244.46,1
2025.05.05D13:31:21.627973926,IBM,244.46,1
2025.05.05D13:31:22.774399780,IBM,244.46,1
2025.05.05D13:31:22.783755136,IBM,244.1001,400
2025.05.05D13:31:22.810846595,IBM,244.46,1
2025.05.05D13:31:23.744753532,IBM,244.5221,1
2025.05.05D13:31:27.243329449,IBM,244.46,1
2025.05.05D13:31:28.232841644,IBM,244.46,1
2025.05.05D13:31:28.453997253,IBM,244.1012,1
2025.05.05D13:31:28.517691981,IBM,244.325,25
2025.05.05D13:31:28.628689299,IBM,244.46,1
2025.05.05D13:31:29.753247219,IBM,244.46,1
2025.05.05D13:31:30.504769568,IBM,244.325,1
2025.05.05D13:31:30.667971151,IBM,244.46,1
2025.05.05D13:31:31.113094171,IBM,244.46,1
2025.05.05D13:31:31.139572284,IBM,244.46,1
2025.05.05D13:31:31.414288487,IBM,244.46,1
2025.05.05D13:31:31.417689435,IBM,244.46,1
2025.05.05D13:31:31.683173686,IBM,244.46,1
2025.05.05D13:31:31.884346789,IBM,244.46,1
2025.05.05D13:31:31.898029481,IBM,244.46,1
2025.05.05D13:31:32.443128340,IBM,244.46,1
2025.05.05D13:31:32.762046734,IBM,244.46,1
2025.05.05D13:31:33.198223413,IBM,244.1012,1
2025.05.05D13:31:33.240561276,IBM,244.46,1
2025.05.05D13:31:33.322752955,IBM,244.46,1
2025.05.05D13:31:33.510829891,IBM,244.46,1
2025.05.05D13:31:33.757278573,IBM,244.46,1
2025.05.05D13:31:34.163094889,IBM,244.46,1
2025.05.05D13:31:34.922012060,IBM,244.46,1
2025.05.05D13:31:35.702857341,IBM,244.46,1
2025.05.05D13:31:37.016652887,IBM,244.1,1
2025.05.05D13:31:37.035023671,IBM,244.325,1
2025.05.05D13:31:37.228468252,IBM,244.55,10
2025.05.05D13:31:37.734113288,IBM,244.46,1
2025.05.05D13:31:37.928989337,IBM,244.46,1
2025.05.05D13:31:38.798172945,IBM,244.46,1
2025.05.05D13:31:39.461131645,IBM,244.46,1
2025.05.05D13:31:39.761721405,IBM,244.46,1
2025.05.05D13:31:41.957989315,IBM,244.3025,3
2025.05.05D13:31:42.252300187,IBM,244.19,1
2025.05.05D13:31:42.846057955,IBM,244.46,1
2025.05.05D13:31:42.902015169,IBM,244.46,1
2025.05.05D13:31:43.859416893,IBM,244.46,1
2025.05.05D13:31:44.057266955,IBM,244.325,1
2025.05.05D13:31:44.300281589,IBM,244.46,1
2025.05.05D13:31:44.749500336,IBM,244.46,1
2025.05.05D13:31:44.884786479,IBM,244.5499,3
2025.05.05D13:31:45.016972262,IBM,244.325,2
2025.05.05D13:31:45.799808393,IBM,244.46,1
2025.05.05D13:31:45.817111610,IBM,244.325,12
2025.05.05D13:31:46.531315286,IBM,244.46,1
2025.05.05D13:31:47.055875428,IBM,244.325,100
2025.05.05D13:31:47.055881442,IBM,244.325,100
2025.05.05D13:31:47.259261741,IBM,244.46,1
2025.05.05D13:31:47.280257688,IBM,244.5262,30
2025.05.05D13:31:47.295831790,IBM,244.46,1
2025.05.05D13:31:47.319164325,IBM,244.46,1
2025.05.05D13:31:47.320102615,IBM,244.46,1
2025.05.05D13:31:47.847083414,IBM,244.325,10
2025.05.05D13:31:47.848556986,IBM,244.14,10
2025.05.05D13:31:48.287494005,IBM,244.46,1
2025.05.05D13:31:48.428163112,IBM,244.46,1
2025.05.05D13:31:49.650721218,IBM,244.21,1
2025.05.05D13:31:50.259457750,IBM,244.55,1
2025.05.05D13:31:50.337084577,IBM,244.55,1
2025.05.05D13:31:51.299736890,IBM,244.46,1
2025.05.05D13:31:51.527228543,IBM,244.3767,5
2025.05.05D13:31:52.028723889,IBM,244.43,25
2025.05.05D13:31:52.029081732,IBM,244.47,25
2025.05.05D13:31:52.029132809,IBM,244.44,25
2025.05.05D13:31:52.029183910,IBM,244.49,100
2025.05.05D13:31:52.029532806,IBM,244.48,50
2025.05.05D13:31:52.029788352,IBM,244.49,100
2025.05.05D13:31:52.031069451,IBM,244.325,100
2025.05.05D13:31:52.212416408,IBM,244.3475,60
2025.05.05D13:31:53.365794971,IBM,244.325,5
2025.05.05D13:31:53.414959045,IBM,244.46,1
2025.05.05D13:31:53.929237632,IBM,244.525,100
2025.05.05D13:31:53.929303816,IBM,244.525,5
2025.05.05D13:31:53.929376149,IBM,244.535,100
2025.05.05D13:31:53.929391006,IBM,244.55,102
2025.05.05D13:31:53.929400088,IBM,244.55,60
2025.05.05D13:31:53.929445102,IBM,244.535,100
2025.05.05D13:31:53.929511477,IBM,244.545,200
2025.05.05D13:31:53.929553443,IBM,244.6,1
2025.05.05D13:31:53.929577417,IBM,244.545,200
2025.05.05D13:31:53.929583563,IBM,244.62,5
2025.05.05D13:31:53.929631566,IBM,244.55,100
2025.05.05D13:31:53.929637642,IBM,244.62,100
2025.05.05D13:31:53.929646566,IBM,244.55,83
2025.05.05D13:31:53.929655711,IBM,244.66,1
2025.05.05D13:31:53.929697880,IBM,244.55,1
2025.05.05D13:31:53.929724753,IBM,244.55,12
2025.05.05D13:31:53.929848122,IBM,244.52,1
2025.05.05D13:31:53.929872090,IBM,244.55,2
2025.05.05D13:31:53.929875114,IBM,244.55,6
2025.05.05D13:31:53.929896149,IBM,244.61,1
2025.05.05D13:31:53.929938267,IBM,244.54,43
2025.05.05D13:31:53.930389382,IBM,244.59,100
2025.05.05D13:31:53.930413474,IBM,244.55,25
2025.05.05D13:31:53.930891568,IBM,244.67,12
2025.05.05D13:31:53.930951704,IBM,244.67,60
2025.05.05D13:31:54.525879488,IBM,244.45,100
2025.05.05D13:31:54.550739609,IBM,244.493,3
2025.05.05D13:31:54.564846281,IBM,244.658,1
2025.05.05D13:31:54.702916991,IBM,244.658,1
2025.05.05D13:31:55.105311184,IBM,244.7,10
2025.05.05D13:31:55.105353147,IBM,244.71,5
2025.05.05D13:31:55.105494566,IBM,244.78,25
2025.05.05D13:31:55.106279486,IBM,244.7,11
2025.05.05D13:31:55.106351672,IBM,244.7,89
2025.05.05D13:31:55.106718486,IBM,244.77,1
2025.05.05D13:31:55.110287910,IBM,244.625,1
2025.05.05D13:31:56.274922054,IBM,244.66,1
2025.05.05D13:31:57.354258228,IBM,244.78,77
2025.05.05D13:31:57.417658240,IBM,244.72,100
2025.05.05D13:31:57.521245972,IBM,244.465,8
2025.05.05D13:31:58.506899927,IBM,244.66,1
2025.05.05D13:31:58.777342983,IBM,244.65,25
2025.05.05D13:31:58.777346003,IBM,244.64,12
2025.05.05D13:31:58.777348992,IBM,244.62,5
2025.05.05D13:31:58.777348992,IBM,244.62,25
2025.05.05D13:31:58.777418004,IBM,244.65,25
2025.05.05D13:31:58.789425579,IBM,244.6,25
2025.05.05D13:31:58.809519501,IBM,244.56,40
2025.05.05D13:31:58.809543473,IBM,244.5,50
2025.05.05D13:31:58.809781092,IBM,244.56,60
2025.05.05D13:31:58.809994623,IBM,244.51,40
2025.05.05D13:31:59.193470756,IBM,244.48,60
2025.05.05D13:31:59.193675369,IBM,244.465,40
2025.05.05D13:31:59.195494564,IBM,244.4925,25
2025.05.05D13:31:59.195566709,IBM,244.465,75
2025.05.05D13:31:59.195632789,IBM,244.55,100
2025.05.05D13:31:59.212788698,IBM,244.465,100
2025.05.05D13:31:59.212848840,IBM,244.465,100
2025.05.05D13:31:59.616328640,IBM,244.66,1
2025.05.05D13:32:00.290627279,IBM,244.3025,1
2025.05.05D13:32:00.733624280,IBM,244.3025,1
2025.05.05D13:32:01.349232321,IBM,244.66,1
2025.05.05D13:32:01.395223832,IBM,244.66,1
2025.05.05D13:32:01.446447838,IBM,244.66,1
2025.05.05D13:32:02.329894517,IBM,244.66,1
2025.05.05D13:32:02.359659373,IBM,244.465,100
2025.05.05D13:32:02.410347985,IBM,244.465,4
2025.05.05D13:32:02.856063274,IBM,244.7301,15
2025.05.05D13:32:03.211509672,IBM,244.66,1
2025.05.05D13:32:03.331964432,IBM,244.465,10
2025.05.05D13:32:04.090686298,IBM,244.3787,81
2025.05.05D13:32:04.097897561,IBM,244.35,1
2025.05.05D13:32:04.831692926,IBM,244.465,100
2025.05.05D13:32:05.072930374,IBM,244.47,1
2025.05.05D13:32:05.268353771,IBM,244.662,1
2025.05.05D13:32:05.270230227,IBM,244.662,1
2025.05.05D13:32:05.968204124,IBM,244.662,1
2025.05.05D13:32:06.017891404,IBM,244.662,1
2025.05.05D13:32:06.039263260,IBM,244.662,1
2025.05.05D13:32:06.962148857,IBM,244.662,1
2025.05.05D13:32:06.983430509,IBM,244.7288,1
2025.05.05D13:32:08.857908027,IBM,244.4828,100
2025.05.05D13:32:09.058840447,IBM,244.49,1
2025.05.05D13:32:09.956086924,IBM,244.47,100
2025.05.05D13:32:09.956195245,IBM,244.49,100
2025.05.05D13:32:09.956489817,IBM,244.47,100
2025.05.05D13:32:09.978246725,IBM,244.49,5
2025.05.05D13:32:09.978565363,IBM,244.54,1
2025.05.05D13:32:10.019956131,IBM,244.47,2
2025.05.05D13:32:10.572515630,IBM,244.662,1
2025.05.05D13:32:11.039783321,IBM,244.7288,1
2025.05.05D13:32:11.043512156,IBM,244.47,100
2025.05.05D13:32:11.043578397,IBM,244.47,100
2025.05.05D13:32:11.043662577,IBM,244.47,100
2025.05.05D13:32:11.044895471,IBM,244.47,94
2025.05.05D13:32:11.045039861,IBM,244.47,2
2025.05.05D13:32:11.720643597,IBM,244.662,1
2025.05.05D13:32:11.811465859,IBM,244.662,1
2025.05.05D13:32:12.239848006,IBM,244.16,177
2025.05.05D13:32:12.882721899,IBM,244.654,1
2025.05.05D13:32:13.640421104,IBM,244.654,1
2025.05.05D13:32:14.427193555,IBM,244.654,1
2025.05.05D13:32:16.004756068,IBM,244.23,8
2025.05.05D13:32:16.004849261,IBM,244.27,40
2025.05.05D13:32:16.004849261,IBM,244.21,60
2025.05.05D13:32:16.004903446,IBM,244.21,13
2025.05.05D13:32:16.004924501,IBM,244.23,12
2025.05.05D13:32:16.004930379,IBM,244.21,48
2025.05.05D13:32:16.004969544,IBM,244.42,100
2025.05.05D13:32:16.005036493,IBM,244.4,100
2025.05.05D13:32:16.005036493,IBM,244.27,5
2025.05.05D13:32:16.005555971,IBM,244.36,1
2025.05.05D13:32:16.005574056,IBM,244.21,99
2025.05.05D13:32:16.135035290,IBM,244.654,1
2025.05.05D13:32:16.820685939,IBM,244.654,1
2025.05.05D13:32:16.906341886,IBM,244.654,1
2025.05.05D13:32:16.980158703,IBM,244.654,1
2025.05.05D13:32:17.724109182,IBM,244.646,1
2025.05.05D13:32:17.752412593,IBM,244.646,1
2025.05.05D13:32:17.754661957,IBM,244.646,1
2025.05.05D13:32:17.765794651,IBM,244.646,1
2025.05.05D13:32:17.789211289,IBM,244.646,1
2025.05.05D13:32:19.334155104,IBM,244.16,20
2025.05.05D13:32:19.979034694,IBM,244.624,1
2025.05.05D13:32:20.193186635,IBM,244.624,1
2025.05.05D13:32:20.209443231,IBM,244.624,1
2025.05.05D13:32:20.229822856,IBM,244.624,1
2025.05.05D13:32:20.233569739,IBM,244.45,3
2025.05.05D13:32:20.421363986,IBM,244.624,1
2025.05.05D13:32:20.910463562,IBM,244.624,1
2025.05.05D13:32:20.911591148,IBM,244.624,1
2025.05.05D13:32:21.003285483,IBM,244.6992,2
2025.05.05D13:32:21.372862567,IBM,244.624,1
2025.05.05D13:32:21.413516423,IBM,244.624,1
2025.05.05D13:32:26.899567063,IBM,244.16,1
2025.05.05D13:32:27.657936793,IBM,244.6,1
2025.05.05D13:32:27.777128574,IBM,244.43,4
2025.05.05D13:32:28.301760908,IBM,244.6,1
2025.05.05D13:32:28.303219495,IBM,244.6,1
2025.05.05D13:32:29.049130751,IBM,244.435,12
2025.05.05D13:32:29.370093992,IBM,244.592,1
2025.05.05D13:32:30.109380258,IBM,244.592,1
2025.05.05D13:32:30.151107631,IBM,244.592,1
2025.05.05D13:32:30.913086265,IBM,244.592,1
2025.05.05D13:32:30.966330988,IBM,244.592,1
2025.05.05D13:32:31.214975027,IBM,244.22,3
2025.05.05D13:32:31.285447801,IBM,244.16,1
2025.05.05D13:32:32.573090130,IBM,244.552,1
2025.05.05D13:32:32.971761423,IBM,244.35,1
2025.05.05D13:32:32.971761423,IBM,244.19,86
2025.05.05D13:32:32.971876169,IBM,244.17,100
2025.05.05D13:32:32.971876169,IBM,244.16,17
2025.05.05D13:32:32.971932778,IBM,244.16,4
2025.05.05D13:32:32.971938736,IBM,244.16,183
2025.05.05D13:32:32.971981376,IBM,244.16,4
2025.05.05D13:32:32.971983989,IBM,244.16,4
2025.05.05D13:32:32.971986942,IBM,244.16,4
2025.05.05D13:32:32.972017662,IBM,244.16,4
2025.05.05D13:32:32.972017662,IBM,244.16,4
2025.05.05D13:32:32.972026025,IBM,244.16,1
2025.05.05D13:32:32.972026025,IBM,244.16,12
2025.05.05D13:32:32.972044011,IBM,244.16,13
2025.05.05D13:32:32.972056071,IBM,244.17,46
2025.05.05D13:32:32.972059042,IBM,244.17,54
2025.05.05D13:32:32.972107168,IBM,244.16,5
2025.05.05D13:32:32.972395844,IBM,244.15,12
2025.05.05D13:32:32.972401949,IBM,244.15,1
2025.05.05D13:32:32.972489104,IBM,244.16,5
2025.05.05D13:32:32.972513123,IBM,244.16,5
2025.05.05D13:32:32.972573208,IBM,244.16,13
2025.05.05D13:32:32.972636372,IBM,244.16,5
2025.05.05D13:32:32.972645493,IBM,244.16,5
2025.05.05D13:32:32.972651453,IBM,244.16,5
2025.05.05D13:32:32.972663402,IBM,244.16,5
2025.05.05D13:32:32.972666472,IBM,244.16,5
2025.05.05D13:32:32.972678473,IBM,244.16,5
2025.05.05D13:32:33.034926757,IBM,244.4226,1
2025.05.05D13:32:34.274959457,IBM,244.25,100
2025.05.05D13:32:34.275148967,IBM,244.28,25
2025.05.05D13:32:34.275503724,IBM,244.3,100
2025.05.05D13:32:34.275738392,IBM,244.3,12
2025.05.05D13:32:34.275795499,IBM,244.3,25
2025.05.05D13:32:34.275927702,IBM,244.345,198
2025.05.05D13:32:34.453121703,IBM,244.486,1
2025.05.05D13:32:35.952413702,IBM,244.486,1
2025.05.05D13:32:36.192388060,IBM,244.1112,1
2025.05.05D13:32:37.459714030,IBM,244.486,1
2025.05.05D13:32:37.604626080,IBM,244.486,1
2025.05.05D13:32:38.101310058,IBM,244.486,1
2025.05.05D13:32:38.133128654,IBM,244.2698,67
2025.05.05D13:32:38.362875720,IBM,244.16,42
2025.05.05D13:32:38.363122257,IBM,244.16,8
2025.05.05D13:32:38.445500480,IBM,244.5799,3
2025.05.05D13:32:38.948042177,IBM,244.11,7
2025.05.05D13:32:39.090782925,IBM,244.2674,1
2025.05.05D13:32:40.058117456,IBM,244.14,78
2025.05.05D13:32:40.058358025,IBM,244.14,200
2025.05.05D13:32:40.496714944,IBM,244.486,1
2025.05.05D13:32:40.497935788,IBM,244.12,37
2025.05.05D13:32:40.497938835,IBM,244.16,92
2025.05.05D13:32:40.498188454,IBM,244.14,1
2025.05.05D13:32:40.498209450,IBM,244.14,1
2025.05.05D13:32:40.498245737,IBM,244.14,99
2025.05.05D13:32:40.498251631,IBM,244.1,1
2025.05.05D13:32:40.498251631,IBM,244.13,1
2025.05.05D13:32:40.498254577,IBM,244.11,1
2025.05.05D13:32:40.498284690,IBM,244.11,99
2025.05.05D13:32:40.498338773,IBM,244.09,100
2025.05.05D13:32:40.498377937,IBM,244.09,100
2025.05.05D13:32:40.498380972,IBM,244.09,100
2025.05.05D13:32:40.498462132,IBM,244.09,101
2025.05.05D13:32:40.498759849,IBM,244.13,1
2025.05.05D13:32:40.498789824,IBM,244.13,99
2025.05.05D13:32:40.498847122,IBM,244.09,200
2025.05.05D13:32:40.499015354,IBM,244.05,1
2025.05.05D13:32:40.499096550,IBM,244.07,40
2025.05.05D13:32:40.499159747,IBM,244.04,5
2025.05.05D13:32:40.499222951,IBM,244.13,40
2025.05.05D13:32:41.062539301,IBM,244.01,7
2025.05.05D13:32:41.181051441,IBM,244.448,1
2025.05.05D13:32:41.303109117,IBM,244.448,1
2025.05.05D13:32:41.392942029,IBM,244.4,1
2025.05.05D13:32:42.311614678,IBM,244.448,1
2025.05.05D13:32:42.859645609,IBM,244,77
2025.05.05D13:32:42.859696754,IBM,244,723
2025.05.05D13:32:42.859708789,IBM,244,1
2025.05.05D13:32:42.859708789,IBM,244,4
2025.05.05D13:32:42.859732737,IBM,244.01,24
2025.05.05D13:32:42.859787064,IBM,243.99,25
2025.05.05D13:32:42.859820016,IBM,243.98,1
2025.05.05D13:32:42.859820016,IBM,243.98,1
2025.05.05D13:32:42.859825998,IBM,243.98,1
2025.05.05D13:32:42.859892483,IBM,243.98,1
2025.05.05D13:32:42.859895201,IBM,243.98,97
2025.05.05D13:32:42.860211027,IBM,243.92,5
2025.05.05D13:32:42.860219982,IBM,243.92,95
2025.05.05D13:32:42.860265092,IBM,243.87,1
2025.05.05D13:32:42.860818335,IBM,243.84,2
2025.05.05D13:32:42.860818335,IBM,243.84,5
2025.05.05D13:32:42.861338639,IBM,243.84,7
2025.05.05D13:32:42.862833127,IBM,244,1200
2025.05.05D13:32:42.862959481,IBM,243.94,50
2025.05.05D13:32:42.863428578,IBM,243.88,50
2025.05.05D13:32:42.866426757,IBM,243.87,100
2025.05.05D13:32:42.868047579,IBM,243.94,100
2025.05.05D13:32:42.868101686,IBM,243.95,50
2025.05.05D13:32:42.868101686,IBM,243.95,50
2025.05.05D13:32:42.868348285,IBM,243.985,100
2025.05.05D13:32:43.069773956,IBM,244.015,25
2025.05.05D13:32:43.980272879,IBM,244.075,1
2025.05.05D13:32:44.126414853,IBM,244,1
2025.05.05D13:32:44.215288500,IBM,244.234,1
2025.05.05D13:32:44.231915115,IBM,244.234,1
2025.05.05D13:32:44.258796055,IBM,244.234,1
2025.05.05D13:32:44.883789154,IBM,243.8285,15
2025.05.05D13:32:45.331630556,IBM,243.7303,513
2025.05.05D13:32:45.334349061,IBM,243.755,1
2025.05.05D13:32:45.342041302,IBM,243.755,1
2025.05.05D13:32:45.699547719,IBM,243.9988,1
2025.05.05D13:32:48.758702188,IBM,243.96,36
2025.05.05D13:32:48.758717319,IBM,244,100
2025.05.05D13:32:48.758774422,IBM,244,1
2025.05.05D13:32:48.758855634,IBM,244.06,15
2025.05.05D13:32:48.758957848,IBM,243.98,82
2025.05.05D13:32:48.759033049,IBM,244.05,1
2025.05.05D13:32:48.759866035,IBM,244.12,41
2025.05.05D13:32:48.778871251,IBM,244.05,1
2025.05.05D13:32:48.886217957,IBM,244.44,1
2025.05.05D13:32:48.939805442,IBM,244.09,16
2025.05.05D13:32:48.989754399,IBM,244.2122,1
2025.05.05D13:32:49.274346211,IBM,244.44,1
2025.05.05D13:32:49.818837867,IBM,243.9,49
2025.05.05D13:32:53.703466799,IBM,244.155,25
2025.05.05D13:32:53.709288564,IBM,244.18,36
2025.05.05D13:32:53.714046056,IBM,244.19,25
2025.05.05D13:32:53.715579599,IBM,244.19,50
2025.05.05D13:32:53.716478759,IBM,244.19,50
2025.05.05D13:32:53.716517817,IBM,244.19,50
2025.05.05D13:32:53.716608211,IBM,244.19,50
2025.05.05D13:32:53.716701260,IBM,244.19,50
2025.05.05D13:32:53.716776432,IBM,244.19,50
2025.05.05D13:32:53.717468071,IBM,244.19,50
2025.05.05D13:32:53.717702640,IBM,244.19,50
2025.05.05D13:32:53.717804921,IBM,244.19,50
2025.05.05D13:32:53.718286063,IBM,244.19,50
2025.05.05D13:32:53.718406377,IBM,244.19,50
2025.05.05D13:32:53.724101994,IBM,244.19,50
2025.05.05D13:32:53.724390613,IBM,244.19,50
2025.05.05D13:32:53.853166195,IBM,244.19,100
2025.05.05D13:32:53.853911984,IBM,244.19,100
2025.05.05D13:32:53.854561604,IBM,244.19,50
2025.05.05D13:32:54.822795049,IBM,244.39,100
2025.05.05D13:32:54.825269974,IBM,244.4,40
2025.05.05D13:32:54.825537570,IBM,244.4,60
2025.05.05D13:32:54.826535973,IBM,244.2628,20
2025.05.05D13:32:57.647222787,IBM,244.19,1
2025.05.05D13:32:59.081244350,IBM,244.542,1
2025.05.05D13:32:59.364347604,IBM,244.6288,1
2025.05.05D13:33:00.678374628,IBM,244.19,15
2025.05.05D13:33:01.374030180,IBM,244.425,9
2025.05.05D13:33:01.375028612,IBM,244.33,25
2025.05.05D13:33:01.771453668,IBM,244.26,25
2025.05.05D13:33:01.771610091,IBM,244.2,60
2025.05.05D13:33:01.771615952,IBM,244.19,228
2025.05.05D13:33:01.771694903,IBM,244.2,100
2025.05.05D13:33:01.771694903,IBM,244.19,100
2025.05.05D13:33:01.771766356,IBM,244.19,100
2025.05.05D13:33:01.772172897,IBM,244.2,100
2025.05.05D13:33:01.772172897,IBM,244.19,434
2025.05.05D13:33:01.772193345,IBM,244.19,100
2025.05.05D13:33:01.772518082,IBM,244.2,100
2025.05.05D13:33:01.772701605,IBM,244.2,100
2025.05.05D13:33:01.772996310,IBM,244.2404,21
2025.05.05D13:33:01.773579700,IBM,244.195,20
2025.05.05D13:33:01.773624850,IBM,244.19,22
2025.05.05D13:33:01.774100491,IBM,244.06,1
2025.05.05D13:33:01.774100491,IBM,244.06,1
2025.05.05D13:33:01.774497103,IBM,243.955,25
2025.05.05D13:33:01.774499909,IBM,243.955,12
2025.05.05D13:33:01.774584126,IBM,243.955,63
2025.05.05D13:33:03.113726981,IBM,244.035,1
2025.05.05D13:33:05.012911316,IBM,243.6501,1
2025.05.05D13:33:05.163155145,IBM,244.035,25
2025.05.05D13:33:05.163224141,IBM,244.035,12
2025.05.05D13:33:07.076777065,IBM,244.266,1
2025.05.05D13:33:07.368955679,IBM,244.055,1
2025.05.05D13:33:08.180876919,IBM,244.055,11
2025.05.05D13:33:09.325688037,IBM,244.0185,1
2025.05.05D13:33:10.408740837,IBM,244.1,200
2025.05.05D13:33:12.749172220,IBM,244.1008,1
2025.05.05D13:33:12.937673206,IBM,244.322,1
2025.05.05D13:33:14.342477102,IBM,244.42,20
2025.05.05D13:33:14.832719363,IBM,244.085,146
2025.05.05D13:33:15.056244694,IBM,244.322,1
2025.05.05D13:33:15.096029248,IBM,243.7416,5
2025.05.05D13:33:15.318423939,IBM,244.322,1
2025.05.05D13:33:15.350077230,IBM,244.16,21
2025.05.05D13:33:15.692505571,IBM,244.16,22
2025.05.05D13:33:16.403398411,IBM,244.085,1
2025.05.05D13:33:18.061210150,IBM,243.848,1
2025.05.05D13:33:18.339724282,IBM,244.4799,1
2025.05.05D13:33:18.545465326,IBM,244.085,1
2025.05.05D13:33:18.584994390,IBM,244.4405,2
2025.05.05D13:33:18.622039583,IBM,243.86,2
2025.05.05D13:33:18.622346301,IBM,243.86,1
2025.05.05D13:33:19.919094133,IBM,243.74,25
2025.05.05D13:33:20.078314347,IBM,244.085,2
2025.05.05D13:33:23.930586560,IBM,244.17,1
2025.05.05D13:33:24.251233980,IBM,244.065,1
2025.05.05D13:33:24.612024179,IBM,244.11,1
2025.05.05D13:33:28.695165033,IBM,244.11,2
2025.05.05D13:33:29.385888793,IBM,243.74,1
2025.05.05D13:33:29.917993877,IBM,244.11,800
2025.05.05D13:33:30.553244803,IBM,243.7401,2
2025.05.05D13:33:30.861626144,IBM,244.4788,1
2025.05.05D13:33:32.031122891,IBM,244.1,5
2025.05.05D13:33:32.280485558,IBM,244.31,25
2025.05.05D13:33:32.280521724,IBM,244.332,1
2025.05.05D13:33:32.280572805,IBM,244.32,100
2025.05.05D13:33:32.292360887,IBM,244.4,25
2025.05.05D13:33:32.292472368,IBM,244.42,2
2025.05.05D13:33:32.293506620,IBM,244.47,70
2025.05.05D13:33:32.293602895,IBM,244.47,30
2025.05.05D13:33:32.293608853,IBM,244.48,470
2025.05.05D13:33:32.293662954,IBM,244.48,30
2025.05.05D13:33:33.464169973,IBM,244.53,1
2025.05.05D13:33:35.434422823,IBM,244.34,50
2025.05.05D13:33:35.527960467,IBM,244.507,30
2025.05.05D13:33:35.567119676,IBM,244.53,300
2025.05.05D13:33:35.567251986,IBM,244.53,100
2025.05.05D13:33:35.568046059,IBM,244.54,12
2025.05.05D13:33:35.568851877,IBM,244.53,100
2025.05.05D13:33:35.568993154,IBM,244.53,49
2025.05.05D13:33:35.638560826,IBM,244.535,25
2025.05.05D13:33:35.951909934,IBM,244.535,12
2025.05.05D13:33:36.272855107,IBM,244.535,63
2025.05.05D13:33:36.405257374,IBM,244.78,2
2025.05.05D13:33:36.846618508,IBM,244.78,1
2025.05.05D13:33:38.314972889,IBM,244.78,6
2025.05.05D13:33:39.258466456,IBM,244.7888,1
2025.05.05D13:33:42.394817799,IBM,244.555,25
2025.05.05D13:33:43.150887200,IBM,244.555,3
2025.05.05D13:33:43.172364337,IBM,244.32,1
2025.05.05D13:33:44.780539734,IBM,244.38,100
2025.05.05D13:33:48.086825430,IBM,244.33,1
2025.05.05D13:33:48.580862914,IBM,244.6,1
2025.05.05D13:33:48.711376786,IBM,244.2801,1
2025.05.05D13:33:49.430142245,IBM,244.705,1
2025.05.05D13:33:51.437512389,IBM,244.73,2
2025.05.05D13:33:52.018558864,IBM,244.67,12
2025.05.05D13:33:52.018604106,IBM,244.71,25
2025.05.05D13:33:52.018667153,IBM,244.73,24
2025.05.05D13:33:53.000345646,IBM,244.7499,1
2025.05.05D13:33:53.052826615,IBM,244.68,1
2025.05.05D13:33:53.236034845,IBM,244.73,100
2025.05.05D13:33:55.245855797,IBM,244.53,4
2025.05.05D13:33:58.112332198,IBM,244.5275,100
2025.05.05D13:33:58.114145528,IBM,244.535,23
2025.05.05D13:33:58.115372519,IBM,244.53,4
2025.05.05D13:33:58.115444585,IBM,244.48,48
2025.05.05D13:33:58.115465716,IBM,244.48,4
2025.05.05D13:33:58.115498892,IBM,244.48,36
2025.05.05D13:33:58.116455073,IBM,244.48,36
2025.05.05D13:33:58.177070363,IBM,244.48,48
2025.05.05D13:33:58.376499204,IBM,244.3243,11
2025.05.05D13:33:59.215097114,IBM,244.3241,49
2025.05.05D13:33:59.819782969,IBM,244.535,1
2025.05.05D13:34:00.004170058,IBM,244.4636,7
2025.05.05D13:34:01.488877592,IBM,244.7426,1
2025.05.05D13:34:02.714858033,IBM,244.78,3
2025.05.05D13:34:03.221182656,IBM,244.5299,5
2025.05.05D13:34:04.317948195,IBM,244.28,5
2025.05.05D13:34:05.189504725,IBM,244.535,98
2025.05.05D13:34:05.608263844,IBM,244.6192,3
2025.05.05D13:34:05.620533099,IBM,244.6192,1
2025.05.05D13:34:06.473757707,IBM,244.29,25
2025.05.05D13:34:08.925937754,IBM,244.53,9
2025.05.05D13:34:12.271783359,IBM,244.54,2
2025.05.05D13:34:15.523799064,IBM,244.47,22
2025.05.05D13:34:15.525471047,IBM,244.54,25
2025.05.05D13:34:15.525534176,IBM,244.54,25
2025.05.05D13:34:15.526532491,IBM,244.54,50
2025.05.05D13:34:15.526538681,IBM,244.54,50
2025.05.05D13:34:15.526547551,IBM,244.53,50
2025.05.05D13:34:15.526652847,IBM,244.54,50
2025.05.05D13:34:15.526655999,IBM,244.535,50
2025.05.05D13:34:15.526770103,IBM,244.54,50
2025.05.05D13:34:15.526779087,IBM,244.54,50
2025.05.05D13:34:15.526860303,IBM,244.54,50
2025.05.05D13:34:15.527143014,IBM,244.54,50
2025.05.05D13:34:15.527594151,IBM,244.54,50
2025.05.05D13:34:15.527720354,IBM,244.54,50
2025.05.05D13:34:15.961948426,IBM,244.2912,1
2025.05.05D13:34:15.999799576,IBM,244.54,100
2025.05.05D13:34:16.062068792,IBM,244.4536,30
2025.05.05D13:34:16.548612554,IBM,244.545,3
2025.05.05D13:34:18.230646657,IBM,244.742,10
2025.05.05D13:34:18.370395409,IBM,244.55,7
2025.05.05D13:34:18.604036870,IBM,244.3101,1
2025.05.05D13:34:21.029137482,IBM,244.7,17
2025.05.05D13:34:21.214742446,IBM,244.3112,1
2025.05.05D13:34:22.118153705,IBM,244.54,11
2025.05.05D13:34:22.943865892,IBM,244.55,15
2025.05.05D13:34:25.784222568,IBM,244.55,6
2025.05.05D13:34:25.785638922,IBM,244.55,12
2025.05.05D13:34:25.936276588,IBM,244.53,50
2025.05.05D13:34:28.074256679,IBM,244.48,4
2025.05.05D13:34:28.370979084,IBM,244.48,4
2025.05.05D13:34:28.371773090,IBM,244.76,4
2025.05.05D13:34:28.374975614,IBM,244.55,1
2025.05.05D13:34:30.049597416,IBM,244.53,1
2025.05.05D13:34:30.341752029,IBM,244.5692,4
2025.05.05D13:34:31.361161501,IBM,244.55,5
2025.05.05D13:34:31.940190167,IBM,244.538,12
2025.05.05D13:34:32.006471048,IBM,244.69,1
2025.05.05D13:34:33.657146577,IBM,244.55,12
2025.05.05D13:34:33.657167697,IBM,244.31,10
2025.05.05D13:34:34.424682301,IBM,244.55,25
2025.05.05D13:34:34.424745415,IBM,244.55,25
2025.05.05D13:34:37.195242759,IBM,244.57,1
2025.05.05D13:34:38.426933733,IBM,244.57,2
2025.05.05D13:34:40.249654995,IBM,244.7899,1500
2025.05.05D13:34:40.280231864,IBM,244.57,100
2025.05.05D13:34:40.280234754,IBM,244.57,100
2025.05.05D13:34:42.180273164,IBM,244.57,8
2025.05.05D13:34:42.736787287,IBM,244.48,3
2025.05.05D13:34:44.206928093,IBM,244.57,1
2025.05.05D13:34:47.204192267,IBM,244.57,4
2025.05.05D13:34:48.560057743,IBM,244.68,1
2025.05.05D13:34:51.363759972,IBM,244.35,1
2025.05.05D13:34:52.290636056,IBM,244.35,3
2025.05.05D13:34:57.403200251,IBM,244.7888,1
2025.05.05D13:34:57.753814058,IBM,244.62,2
2025.05.05D13:34:57.753832038,IBM,244.45,1
2025.05.05D13:34:58.931652568,IBM,244.7482,1
2025.05.05D13:35:00.098214380,IBM,244.62,100
2025.05.05D13:35:00.232216434,IBM,244.485,1
2025.05.05D13:35:00.782854765,IBM,244.46,30
2025.05.05D13:35:00.782857748,IBM,244.45,70
2025.05.05D13:35:00.782884928,IBM,244.46,30
2025.05.05D13:35:00.782890797,IBM,244.45,121
2025.05.05D13:35:00.782914852,IBM,244.45,30
2025.05.05D13:35:00.782926903,IBM,244.45,30
2025.05.05D13:35:00.782939035,IBM,244.48,5
2025.05.05D13:35:00.782941894,IBM,244.48,1
2025.05.05D13:35:00.782966145,IBM,244.43,1
2025.05.05D13:35:00.782972752,IBM,244.4,100
2025.05.05D13:35:00.782972752,IBM,244.4,99
2025.05.05D13:35:00.783026177,IBM,244.45,4
2025.05.05D13:35:00.783041164,IBM,244.45,100
2025.05.05D13:35:00.783089233,IBM,244.4,1
2025.05.05D13:35:00.783173526,IBM,244.4,100
2025.05.05D13:35:00.783179451,IBM,244.4,5
2025.05.05D13:35:00.783230673,IBM,244.35,148
2025.05.05D13:35:00.783240747,IBM,244.35,4
2025.05.05D13:35:00.783240747,IBM,244.35,1
2025.05.05D13:35:00.783272950,IBM,244.35,2
2025.05.05D13:35:00.783278769,IBM,244.32,1
2025.05.05D13:35:00.783284822,IBM,244.45,1
2025.05.05D13:35:00.783402018,IBM,244.43,1
2025.05.05D13:35:00.783417050,IBM,244.31,101
2025.05.05D13:35:00.783471271,IBM,244.31,2
2025.05.05D13:35:00.783615540,IBM,244.3,100
2025.05.05D13:35:00.783756853,IBM,244.45,2
2025.05.05D13:35:00.783829026,IBM,244.31,100
2025.05.05D13:35:00.784030550,IBM,244.36,100
2025.05.05D13:35:00.784114735,IBM,244.48,100
2025.05.05D13:35:00.784162920,IBM,244.28,36
2025.05.05D13:35:00.784168811,IBM,244.4946,21
2025.05.05D13:35:00.784207961,IBM,244.25,2
2025.05.05D13:35:00.784283103,IBM,244.13,1
2025.05.05D13:35:00.784364506,IBM,244.22,1
2025.05.05D13:35:00.784367396,IBM,244.45,1
2025.05.05D13:35:00.784427500,IBM,244.4139,21
2025.05.05D13:35:00.784596102,IBM,244.285,1
2025.05.05D13:35:00.784758223,IBM,244.33,100
2025.05.05D13:35:00.784824472,IBM,244.23,1
2025.05.05D13:35:00.789040432,IBM,244.29,40
2025.05.05D13:35:00.790938039,IBM,244.34,50
2025.05.05D13:35:00.790995124,IBM,244.39,50
2025.05.05D13:35:00.894245923,IBM,244.45,4
2025.05.05D13:35:01.123773465,IBM,244.3852,19
2025.05.05D13:35:01.173160110,IBM,244.361,100
2025.05.05D13:35:01.770718942,IBM,244.345,2
2025.05.05D13:35:01.770739965,IBM,244.13,1
2025.05.05D13:35:01.912449412,IBM,244.56,1
2025.05.05D13:35:02.348589965,IBM,244.3493,40
2025.05.05D13:35:03.048807456,IBM,244.216,1
2025.05.05D13:35:03.166561872,IBM,244.2845,21
2025.05.05D13:35:03.271764339,IBM,244.4095,158
2025.05.05D13:35:07.172996058,IBM,244.23,1
2025.05.05D13:35:07.408868661,IBM,244.1945,1
2025.05.05D13:35:08.421136040,IBM,244.45,1
2025.05.05D13:35:08.627857280,IBM,244.35,1
2025.05.05D13:35:08.849400925,IBM,244.45,1
2025.05.05D13:35:09.054786954,IBM,244.35,4
2025.05.05D13:35:10.148280699,IBM,244.33,4
2025.05.05D13:35:14.789472678,IBM,244.45,1
2025.05.05D13:35:15.208553600,IBM,244.45,1
2025.05.05D13:35:16.851873706,IBM,244.45,1
2025.05.05D13:35:18.765582744,IBM,244.5,1
2025.05.05D13:35:20.813113294,IBM,244.35,1
2025.05.05D13:35:22.882021908,IBM,244.45,1
2025.05.05D13:35:22.900756557,IBM,244.65,1
2025.05.05D13:35:23.216733887,IBM,244.415,1
2025.05.05D13:35:27.666249153,IBM,244.415,1
2025.05.05D13:35:28.896142146,IBM,244.31,14
2025.05.05D13:35:29.104667390,IBM,244.3925,1
2025.05.05D13:35:29.816582652,IBM,244.18,1
2025.05.05D13:35:29.944949307,IBM,244.3,1
2025.05.05D13:35:30.399625985,IBM,244.6488,1
2025.05.05D13:35:30.420706279,IBM,244.35,100
2025.05.05D13:35:30.503433276,IBM,244.395,1
2025.05.05D13:35:30.557168189,IBM,244.395,545
2025.05.05D13:35:30.627439471,IBM,244.3825,1
2025.05.05D13:35:31.872825157,IBM,244.395,13
2025.05.05D13:35:31.872846115,IBM,244.18,10
2025.05.05D13:35:35.150049820,IBM,244.41,3
2025.05.05D13:35:35.894277244,IBM,244.35,25
2025.05.05D13:35:35.894280198,IBM,244.35,75
2025.05.05D13:35:35.894553695,IBM,244.3,50
2025.05.05D13:35:35.909986551,IBM,244.44,40
2025.05.05D13:35:35.910572827,IBM,244.49,1
2025.05.05D13:35:35.997320505,IBM,244.41,1
2025.05.05D13:35:35.997906791,IBM,244.48,1
2025.05.05D13:35:35.997912797,IBM,244.48,1
2025.05.05D13:35:35.997918928,IBM,244.48,1
2025.05.05D13:35:36.100736742,IBM,244.49,1
2025.05.05D13:35:36.101386194,IBM,244.495,100
2025.05.05D13:35:36.101969923,IBM,244.49,1
2025.05.05D13:35:36.101972702,IBM,244.49,1
2025.05.05D13:35:36.101981636,IBM,244.49,1
2025.05.05D13:35:36.341285461,IBM,244.49,1
2025.05.05D13:35:36.366684039,IBM,244.495,10
2025.05.05D13:35:36.371916436,IBM,244.5,1
2025.05.05D13:35:36.600665166,IBM,244.5,1
2025.05.05D13:35:36.600713169,IBM,244.5,42
2025.05.05D13:35:36.600749258,IBM,244.5,10
2025.05.05D13:35:36.600755501,IBM,244.53,2
2025.05.05D13:35:36.600758698,IBM,244.5,48
2025.05.05D13:35:36.602219799,IBM,244.44,4
2025.05.05D13:35:36.602244047,IBM,244.53,4
2025.05.05D13:35:36.602722060,IBM,244.44,3
2025.05.05D13:35:36.779552111,IBM,244.495,10
2025.05.05D13:35:38.228874215,IBM,244.5951,200
2025.05.05D13:35:38.843480585,IBM,244.41,1
2025.05.05D13:35:41.914176949,IBM,244.41,1
2025.05.05D13:35:42.533961540,IBM,244.4008,10
2025.05.05D13:35:44.141072476,IBM,244.18,1
2025.05.05D13:35:45.855620060,IBM,244.59,6
2025.05.05D13:35:46.413370166,IBM,244.405,1
2025.05.05D13:35:47.379014502,IBM,244.5973,8
2025.05.05D13:35:47.868393850,IBM,244.2336,1
2025.05.05D13:35:48.480862252,IBM,244.405,2
2025.05.05D13:35:48.901666337,IBM,244.351,690
2025.05.05D13:35:51.707473433,IBM,244.4616,1
2025.05.05D13:35:52.306515087,IBM,244.56,50
2025.05.05D13:35:52.331901526,IBM,244.56,100
2025.05.05D13:35:52.343650488,IBM,244.56,88
2025.05.05D13:35:53.400201379,IBM,244.587,1
2025.05.05D13:35:54.508625534,IBM,244.3296,5
2025.05.05D13:35:57.100199480,IBM,244.59,1
2025.05.05D13:35:57.126238595,IBM,244.395,3
2025.05.05D13:35:58.825714281,IBM,244.4165,5
2025.05.05D13:35:59.422274959,IBM,244.5723,1
2025.05.05D13:36:00.726540813,IBM,244.395,1
2025.05.05D13:36:00.823287184,IBM,244.61,1
2025.05.05D13:36:00.872995425,IBM,244.61,1
2025.05.05D13:36:01.294503149,IBM,244.395,1
2025.05.05D13:36:01.840786761,IBM,244.395,1
2025.05.05D13:36:01.935954449,IBM,244.3864,3
2025.05.05D13:36:02.245541631,IBM,244.395,1
2025.05.05D13:36:02.284845222,IBM,244.59,3
2025.05.05D13:36:03.138229370,IBM,244.395,1
2025.05.05D13:36:03.777741193,IBM,244.44,100
2025.05.05D13:36:03.778450887,IBM,244.395,100
2025.05.05D13:36:03.779536444,IBM,244.395,13
2025.05.05D13:36:03.793303200,IBM,244.39,82
2025.05.05D13:36:03.793318232,IBM,244.39,218
2025.05.05D13:36:03.793766392,IBM,244.39,367
2025.05.05D13:36:03.798436395,IBM,244.35,44
2025.05.05D13:36:04.315036562,IBM,244.401,2
2025.05.05D13:36:04.384132123,IBM,244.38,1
2025.05.05D13:36:04.394139938,IBM,244.3303,40
2025.05.05D13:36:04.579546431,IBM,244.38,1
2025.05.05D13:36:06.477588135,IBM,244.54,1
2025.05.05D13:36:07.808779989,IBM,244.45,2
2025.05.05D13:36:09.754957500,IBM,244.375,1
2025.05.05D13:36:12.420570671,IBM,244.3075,2
2025.05.05D13:36:13.122459998,IBM,244.6099,1000
2025.05.05D13:36:13.122487030,IBM,244.45,10
2025.05.05D13:36:14.828728981,IBM,244.375,2
2025.05.05D13:36:15.117043516,IBM,244.52,1
2025.05.05D13:36:15.228594180,IBM,244.52,1
2025.05.05D13:36:16.437385460,IBM,244.5,5
2025.05.05D13:36:18.012133200,IBM,244.2965,95
2025.05.05D13:36:19.089286239,IBM,244.4526,1
2025.05.05D13:36:22.979075827,IBM,244.61,103
2025.05.05D13:36:22.980158330,IBM,244.5,10
2025.05.05D13:36:23.045979066,IBM,244.57,1
2025.05.05D13:36:24.174268739,IBM,244.6,20
2025.05.05D13:36:24.452373937,IBM,244.35,400
2025.05.05D13:36:27.106524080,IBM,244.35,1
2025.05.05D13:36:27.834978731,IBM,244.35,1
2025.05.05D13:36:28.060166932,IBM,244.14,1
2025.05.05D13:36:29.829911275,IBM,244.14,1
2025.05.05D13:36:30.133682596,IBM,244.61,89
2025.05.05D13:36:30.843601307,IBM,244.39,1
2025.05.05D13:36:31.127871286,IBM,244.6046,1
2025.05.05D13:36:33.111508681,IBM,244.61,1
2025.05.05D13:36:37.478420368,IBM,244.4858,1
2025.05.05D13:36:38.474313931,IBM,244.4,20
2025.05.05D13:36:38.761338400,IBM,244.14,1
2025.05.05D13:36:39.086265040,IBM,244.58,50
2025.05.05D13:36:39.086367375,IBM,244.61,3
2025.05.05D13:36:39.138661860,IBM,244.66,3
2025.05.05D13:36:39.138761122,IBM,244.66,99
2025.05.05D13:36:39.138812207,IBM,244.66,1
2025.05.05D13:36:39.139136920,IBM,244.66,1
2025.05.05D13:36:39.139699225,IBM,244.62,2
2025.05.05D13:36:40.345736091,IBM,244.5862,9
2025.05.05D13:36:40.716915973,IBM,244.4,1
2025.05.05D13:36:41.099604227,IBM,244.6527,3
2025.05.05D13:36:45.034197407,IBM,244.7417,3
2025.05.05D13:36:45.253139666,IBM,244.66,25
2025.05.05D13:36:46.356812718,IBM,244.609,1
2025.05.05D13:36:47.024336174,IBM,244.6527,1
2025.05.05D13:36:48.312510595,IBM,244.77,2
2025.05.05D13:36:48.813602747,IBM,244.552,210
2025.05.05D13:36:49.057450428,IBM,244.7331,2
2025.05.05D13:36:50.404634285,IBM,244.45,1
2025.05.05D13:36:50.413415220,IBM,244.45,1
2025.05.05D13:36:53.147947024,IBM,244.7341,1
2025.05.05D13:36:54.053375820,IBM,244.68,3
2025.05.05D13:36:54.623304810,IBM,244.5906,100
2025.05.05D13:36:54.876931761,IBM,244.63,50
2025.05.05D13:36:54.877136376,IBM,244.6,10
2025.05.05D13:36:56.315752913,IBM,244.77,38
2025.05.05D13:36:56.318101540,IBM,244.6,50
2025.05.05D13:36:56.318901468,IBM,244.6,50
2025.05.05D13:36:56.580025351,IBM,244.605,6
2025.05.05D13:36:57.127975113,IBM,244.6628,1
2025.05.05D13:36:57.489282408,IBM,244.43,1
2025.05.05D13:36:57.733304463,IBM,244.61,100
2025.05.05D13:36:58.500704773,IBM,244.62,50
2025.05.05D13:36:58.500776885,IBM,244.62,50
2025.05.05D13:36:58.501534694,IBM,244.61,50
2025.05.05D13:36:58.501691147,IBM,244.61,50
2025.05.05D13:37:00.207764733,IBM,244.59,4
2025.05.05D13:37:00.217342569,IBM,244.61,42
2025.05.05D13:37:01.001462704,IBM,244.5539,1
2025.05.05D13:37:03.063118132,IBM,244.6661,2
2025.05.05D13:37:04.194066121,IBM,244.5952,8
2025.05.05D13:37:04.317931092,IBM,244.7305,1
2025.05.05D13:37:04.574941057,IBM,244.44,1
2025.05.05D13:37:05.077614980,IBM,244.45,1
2025.05.05D13:37:05.171591719,IBM,243.74,1
2025.05.05D13:37:05.307704828,IBM,244.51,100
2025.05.05D13:37:05.307792183,IBM,244.485,50
2025.05.05D13:37:05.307864204,IBM,244.485,100
2025.05.05D13:37:05.307936369,IBM,244.485,50
2025.05.05D13:37:05.308002568,IBM,244.475,10
2025.05.05D13:37:05.308071685,IBM,244.465,100
2025.05.05D13:37:05.308140826,IBM,244.465,190
2025.05.05D13:37:06.030475938,IBM,244.7378,1
2025.05.05D13:37:07.035715591,IBM,244.7377,2
2025.05.05D13:37:08.133975742,IBM,244.615,2
2025.05.05D13:37:08.449038936,IBM,244.5985,8
2025.05.05D13:37:09.592833610,IBM,244.615,59
2025.05.05D13:37:09.828008610,IBM,244.61,2
2025.05.05D13:37:10.205837260,IBM,244.5952,56
2025.05.05D13:37:10.394064545,IBM,244.615,100
2025.05.05D13:37:10.461051996,IBM,244.615,1
2025.05.05D13:37:11.801105940,IBM,244.7788,1
2025.05.05D13:37:11.838629327,IBM,244.5952,1
2025.05.05D13:37:13.858818993,IBM,244.6,41
2025.05.05D13:37:14.760528164,IBM,244.61,1
2025.05.05D13:37:14.918960324,IBM,244.61,10
2025.05.05D13:37:14.919023497,IBM,244.61,10
2025.05.05D13:37:15.510943992,IBM,244.7788,1
2025.05.05D13:37:18.074286971,IBM,244.4688,1
2025.05.05D13:37:20.599258470,IBM,244.4412,1
2025.05.05D13:37:20.899538369,IBM,244.52,10
2025.05.05D13:37:20.899583560,IBM,244.5,10
2025.05.05D13:37:20.899646743,IBM,244.48,21
2025.05.05D13:37:21.133426366,IBM,244.61,2
2025.05.05D13:37:22.232552684,IBM,244.61,6
2025.05.05D13:37:22.746894299,IBM,244.7369,1
2025.05.05D13:37:22.748370781,IBM,244.61,1
2025.05.05D13:37:23.260812037,IBM,244.61,1
2025.05.05D13:37:23.976829175,IBM,244.6168,20
2025.05.05D13:37:24.894226695,IBM,244.46,20
2025.05.05D13:37:25.609131127,IBM,244.61,100
2025.05.05D13:37:25.609176321,IBM,244.61,100
2025.05.05D13:37:25.609867853,IBM,244.65,10
2025.05.05D13:37:25.609906942,IBM,244.61,50
2025.05.05D13:37:25.609913001,IBM,244.61,50
2025.05.05D13:37:25.609933999,IBM,244.62,50
2025.05.05D13:37:25.610024245,IBM,244.66,10
2025.05.05D13:37:27.089835883,IBM,244.468,15
2025.05.05D13:37:27.238272395,IBM,244.7401,4
2025.05.05D13:37:27.241484034,IBM,244.61,1
2025.05.05D13:37:29.218821380,IBM,244.45,40
2025.05.05D13:37:29.738660328,IBM,244.61,5
2025.05.05D13:37:32.363153888,IBM,244.72,50
2025.05.05D13:37:32.363187048,IBM,244.71,50
2025.05.05D13:37:33.405769870,IBM,244.76,20
2025.05.05D13:37:33.405787731,IBM,244.76,10
2025.05.05D13:37:33.405856757,IBM,244.78,211
2025.05.05D13:37:33.405890462,IBM,244.78,14
2025.05.05D13:37:33.405890462,IBM,244.78,6
2025.05.05D13:37:33.405925992,IBM,244.78,7
2025.05.05D13:37:33.405959082,IBM,244.78,118
2025.05.05D13:37:33.405965015,IBM,244.78,204
2025.05.05D13:37:33.406004186,IBM,244.78,64
2025.05.05D13:37:33.406581510,IBM,244.78,176
2025.05.05D13:37:33.406966397,IBM,244.79,6
2025.05.05D13:37:33.407026637,IBM,244.79,223
2025.05.05D13:37:33.407080815,IBM,244.79,71
2025.05.05D13:37:33.407164870,IBM,244.8,6
2025.05.05D13:37:33.407200996,IBM,244.8,76
2025.05.05D13:37:33.407204110,IBM,244.8,50
2025.05.05D13:37:33.407552889,IBM,244.82,1
2025.05.05D13:37:33.949647767,IBM,244.805,50
2025.05.05D13:37:33.949710855,IBM,244.805,10
2025.05.05D13:37:34.742774385,IBM,244.81,1
2025.05.05D13:37:35.284084349,IBM,244.81,1
2025.05.05D13:37:37.055945500,IBM,244.81,50
2025.05.05D13:37:37.309515359,IBM,244.81,2
2025.05.05D13:37:38.566196045,IBM,244.981,1
2025.05.05D13:37:41.488055310,IBM,244.696,1
2025.05.05D13:37:41.543008126,IBM,244.9,1
2025.05.05D13:37:41.830125743,IBM,244.9,4
2025.05.05D13:37:43.790710395,IBM,244.62,1
2025.05.05D13:37:44.203181572,IBM,244.62,1
2025.05.05D13:37:45.592080860,IBM,244.81,4
2025.05.05D13:37:46.622926544,IBM,244.734,2
2025.05.05D13:37:47.664327328,IBM,244.96,2
2025.05.05D13:37:48.021987126,IBM,244.791,1
2025.05.05D13:37:48.994412571,IBM,244.81,1
2025.05.05D13:37:49.552216772,IBM,244.9,1
2025.05.05D13:37:51.068517540,IBM,244.9,1
2025.05.05D13:37:52.325300086,IBM,244.9988,1
2025.05.05D13:37:52.415487906,IBM,244.81,5
2025.05.05D13:37:53.752020405,IBM,244.81,14
2025.05.05D13:37:53.777388751,IBM,244.62,1
2025.05.05D13:37:59.334699939,IBM,244.9999,1000
2025.05.05D13:38:01.278625002,IBM,244.96,1
2025.05.05D13:38:02.001889209,IBM,244.7,1
2025.05.05D13:38:03.055459804,IBM,244.9999,10
2025.05.05D13:38:06.587622661,IBM,243.74,1
2025.05.05D13:38:10.737901376,IBM,244.62,1
2025.05.05D13:38:10.828726981,IBM,244.92,5
2025.05.05D13:38:10.828726981,IBM,244.92,5
2025.05.05D13:38:10.828756767,IBM,244.81,34
2025.05.05D13:38:10.828816812,IBM,244.9,2
2025.05.05D13:38:10.829126654,IBM,244.86,10
2025.05.05D13:38:10.829165702,IBM,244.91,45
2025.05.05D13:38:10.829734068,IBM,244.84,41
2025.05.05D13:38:10.829782310,IBM,244.96,7
2025.05.05D13:38:10.842950512,IBM,244.9988,1
2025.05.05D13:38:11.073148654,IBM,245,127
2025.05.05D13:38:11.263429712,IBM,245,1
2025.05.05D13:38:11.365823566,IBM,244.9988,1
2025.05.05D13:38:11.902764149,IBM,244.7965,23
2025.05.05D13:38:12.015914672,IBM,244.99,34
2025.05.05D13:38:12.389719783,IBM,244.8224,5
2025.05.05D13:38:15.261895148,IBM,244.8668,1
2025.05.05D13:38:15.496158964,IBM,244.7,1
2025.05.05D13:38:16.477545756,IBM,244.89,10
2025.05.05D13:38:18.861586918,IBM,244.8279,1
2025.05.05D13:38:20.320745341,IBM,244.6312,1
2025.05.05D13:38:20.339290423,IBM,244.8224,27
2025.05.05D13:38:20.666198863,IBM,244.926,1
2025.05.05D13:38:22.659552566,IBM,244.81,1
2025.05.05D13:38:23.147169619,IBM,244.9569,1
2025.05.05D13:38:23.646674085,IBM,244.696,1
2025.05.05D13:38:25.643825718,IBM,245,50
2025.05.05D13:38:29.113818662,IBM,244.81,100
2025.05.05D13:38:30.060938871,IBM,244.6201,1
2025.05.05D13:38:30.439332827,IBM,244.81,1
2025.05.05D13:38:31.287686073,IBM,245,25
2025.05.05D13:38:36.388119185,IBM,244.81,4
2025.05.05D13:38:36.940883430,IBM,244.81,100
2025.05.05D13:38:37.202509360,IBM,244.81,200
2025.05.05D13:38:38.313318536,IBM,244.81,5
2025.05.05D13:38:38.521762782,IBM,244.7606,30
2025.05.05D13:38:39.089427481,IBM,244.99,25
2025.05.05D13:38:43.440939395,IBM,244.805,1
2025.05.05D13:38:43.442451981,IBM,244.805,50
2025.05.05D13:38:46.351489152,IBM,244.8142,100
2025.05.05D13:38:46.633034648,IBM,244.7495,17
2025.05.05D13:38:47.482560445,IBM,244.9645,100
2025.05.05D13:38:48.588795616,IBM,244.8028,1
2025.05.05D13:38:50.673016826,IBM,244.7,1
2025.05.05D13:38:50.703151566,IBM,244.9651,20
2025.05.05D13:38:50.705265579,IBM,244.88,1
2025.05.05D13:38:50.957626401,IBM,244.9641,1
2025.05.05D13:38:52.094333157,IBM,244.82,4
2025.05.05D13:38:52.328461693,IBM,244.9641,1
2025.05.05D13:38:56.360116941,IBM,244.805,1
2025.05.05D13:38:56.368416693,IBM,244.7532,1
2025.05.05D13:38:56.425748280,IBM,244.86,50
2025.05.05D13:38:56.426052029,IBM,244.87,50
2025.05.05D13:38:56.426503039,IBM,244.87,50
2025.05.05D13:38:56.426578295,IBM,244.87,50
2025.05.05D13:38:57.768334168,IBM,243.74,1
2025.05.05D13:38:59.224178785,IBM,244.9547,46
2025.05.05D13:39:01.135103186,IBM,244.95,1
2025.05.05D13:39:02.650095687,IBM,245,1
2025.05.05D13:39:04.280235481,IBM,244.81,1
2025.05.05D13:39:04.496817155,IBM,244.9,80
2025.05.05D13:39:05.862089187,IBM,244.867,11
2025.05.05D13:39:06.366907377,IBM,244.81,1
2025.05.05D13:39:06.477796353,IBM,244,1
2025.05.05D13:39:06.784358373,IBM,244.75,1
2025.05.05D13:39:08.074767079,IBM,244.81,3
2025.05.05D13:39:09.926167595,IBM,244.91,5
2025.05.05D13:39:10.516328822,IBM,244.99,32
2025.05.05D13:39:10.516356007,IBM,244.99,52
2025.05.05D13:39:10.516371016,IBM,245,1
2025.05.05D13:39:10.516373995,IBM,245,1
2025.05.05D13:39:10.516392028,IBM,244.97,2
2025.05.05D13:39:10.516395019,IBM,244.97,34
2025.05.05D13:39:10.516428276,IBM,244.99,2
2025.05.05D13:39:10.516431616,IBM,245,1
2025.05.05D13:39:10.516437289,IBM,245,238
2025.05.05D13:39:10.516440436,IBM,245,76
2025.05.05D13:39:10.516443145,IBM,245,1
2025.05.05D13:39:10.516449132,IBM,245,4
2025.05.05D13:39:10.516458195,IBM,245,8
2025.05.05D13:39:10.516458195,IBM,245,7
2025.05.05D13:39:10.516461199,IBM,245,2
2025.05.05D13:39:10.516527331,IBM,245,197
2025.05.05D13:39:10.516548394,IBM,244.98,40
2025.05.05D13:39:10.516563392,IBM,244.99,50
2025.05.05D13:39:10.516575546,IBM,245,81
2025.05.05D13:39:10.516593913,IBM,244.98,11
2025.05.05D13:39:10.516593913,IBM,244.98,89
2025.05.05D13:39:10.517098769,IBM,245,19
2025.05.05D13:39:10.517261100,IBM,245,4
2025.05.05D13:39:10.517273172,IBM,245,5
2025.05.05D13:39:10.517315180,IBM,245,10
2025.05.05D13:39:10.517835548,IBM,245,10
2025.05.05D13:39:10.517892590,IBM,245.01,31
2025.05.05D13:39:10.528360515,IBM,244.92,50
2025.05.05D13:39:10.528390636,IBM,244.99,50
2025.05.05D13:39:10.528450814,IBM,244.99,100
2025.05.05D13:39:10.667420697,IBM,245,1
2025.05.05D13:39:10.836810979,IBM,244.925,4
2025.05.05D13:39:10.938504086,IBM,244.9874,5
2025.05.05D13:39:12.325319387,IBM,244.7312,1
2025.05.05D13:39:13.839448848,IBM,245.06,29
2025.05.05D13:39:13.892293737,IBM,245.1188,1
2025.05.05D13:39:15.543790369,IBM,244.73,1
2025.05.05D13:39:16.778001700,IBM,244.955,1
2025.05.05D13:39:18.189574715,IBM,244.97,100
2025.05.05D13:39:18.189616733,IBM,244.985,100
2025.05.05D13:39:18.189959580,IBM,245,100
2025.05.05D13:39:18.191520488,IBM,244.965,200
2025.05.05D13:39:19.528401742,IBM,245.04,6
2025.05.05D13:39:20.517697402,IBM,245.01,8
2025.05.05D13:39:21.606966237,IBM,245.015,3
2025.05.05D13:39:21.764499395,IBM,245.015,2
2025.05.05D13:39:21.769160375,IBM,245.2388,1
2025.05.05D13:39:23.461163808,IBM,245.015,5
2025.05.05D13:39:24.201340101,IBM,245.015,11
2025.05.05D13:39:26.019535364,IBM,244.94,100
2025.05.05D13:39:26.019538618,IBM,244.93,6
2025.05.05D13:39:26.277988819,IBM,245.1382,1
2025.05.05D13:39:26.420555415,IBM,244.94,100
2025.05.05D13:39:26.421391431,IBM,244.94,100
2025.05.05D13:39:27.698322076,IBM,245.1382,1
2025.05.05D13:39:27.927242160,IBM,244.94,10
2025.05.05D13:39:28.046641428,IBM,244.94,1
2025.05.05D13:39:28.095553030,IBM,245.1382,1
2025.05.05D13:39:28.803378473,IBM,244.94,3
2025.05.05D13:39:29.202350505,IBM,244.94,14
2025.05.05D13:39:29.834777408,IBM,244.9462,1
2025.05.05D13:39:30.014217929,IBM,245.18,1
2025.05.05D13:39:30.622259735,IBM,244.79,1
2025.05.05D13:39:30.622614583,IBM,244.79,1
2025.05.05D13:39:30.655266451,IBM,244.79,1
2025.05.05D13:39:30.673294194,IBM,244.94,1
2025.05.05D13:39:30.685022158,IBM,244.79,3
2025.05.05D13:39:30.685280745,IBM,244.79,1
2025.05.05D13:39:30.926217603,IBM,244.88,5
2025.05.05D13:39:30.929474508,IBM,244.88,1
2025.05.05D13:39:31.608602495,IBM,244.78,1
2025.05.05D13:39:31.621500207,IBM,244.78,1
2025.05.05D13:39:32.180771984,IBM,244.93,100
2025.05.05D13:39:32.182494958,IBM,244.93,50
2025.05.05D13:39:32.183460362,IBM,244.93,50
2025.05.05D13:39:32.286115802,IBM,244.7012,1
2025.05.05D13:39:32.363270575,IBM,244.93,7
2025.05.05D13:39:32.988639643,IBM,244.8541,1
2025.05.05D13:39:33.167460406,IBM,245.1302,1
2025.05.05D13:39:33.497045200,IBM,244.93,50
2025.05.05D13:39:34.546715715,IBM,244.955,47
2025.05.05D13:39:34.653479008,IBM,244.7301,8
2025.05.05D13:39:34.830516527,IBM,244.955,4
2025.05.05D13:39:34.901735118,IBM,244.955,42
2025.05.05D13:39:34.993495618,IBM,244.89,28
2025.05.05D13:39:34.993528776,IBM,244.955,6
2025.05.05D13:39:34.993558768,IBM,244.955,6
2025.05.05D13:39:34.993757273,IBM,244.955,24
2025.05.05D13:39:35.007496947,IBM,244.94,50
2025.05.05D13:39:35.197017318,IBM,245.1699,75
2025.05.05D13:39:35.422533328,IBM,245.1688,1
2025.05.05D13:39:37.409307319,IBM,245.16,1
2025.05.05D13:39:38.893612152,IBM,244.89,19
2025.05.05D13:39:38.893614619,IBM,244.84,3
2025.05.05D13:39:38.893659754,IBM,244.86,25
2025.05.05D13:39:38.893701843,IBM,244.86,25
2025.05.05D13:39:38.893716875,IBM,244.86,11
2025.05.05D13:39:38.893764985,IBM,244.86,25
2025.05.05D13:39:38.893801094,IBM,244.84,39
2025.05.05D13:39:38.893807116,IBM,244.84,6
2025.05.05D13:39:38.893813166,IBM,244.84,5
2025.05.05D13:39:38.893813166,IBM,244.84,5
2025.05.05D13:39:38.893819154,IBM,244.84,4
2025.05.05D13:39:38.893834107,IBM,244.84,1
2025.05.05D13:39:38.893885228,IBM,244.87,8
2025.05.05D13:39:38.893897406,IBM,244.86,14
2025.05.05D13:39:38.893897406,IBM,244.85,11
2025.05.05D13:39:38.893909790,IBM,244.87,8
2025.05.05D13:39:38.893909790,IBM,244.87,8
2025.05.05D13:39:38.893915369,IBM,244.86,8
2025.05.05D13:39:38.893921464,IBM,244.87,21
2025.05.05D13:39:38.893981520,IBM,244.87,15
2025.05.05D13:39:38.894014559,IBM,244.87,5
2025.05.05D13:39:38.894044712,IBM,244.86,8
2025.05.05D13:39:38.899740209,IBM,244.87,50
2025.05.05D13:39:38.899803480,IBM,244.87,50
2025.05.05D13:39:38.900161177,IBM,244.87,50
2025.05.05D13:39:38.911528342,IBM,244.87,33
2025.05.05D13:39:39.038382275,IBM,244.87,100
2025.05.05D13:39:39.038472604,IBM,244.87,100
2025.05.05D13:39:39.039080070,IBM,244.87,67
2025.05.05D13:39:39.093554723,IBM,244.935,2
2025.05.05D13:39:39.212776583,IBM,244.87,21
2025.05.05D13:39:39.369272255,IBM,244.95,1
2025.05.05D13:39:40.616137213,IBM,245,368
2025.05.05D13:39:42.604899182,IBM,244.84,25
2025.05.05D13:39:42.604932278,IBM,244.84,8
2025.05.05D13:39:42.604953189,IBM,244.84,25
2025.05.05D13:39:42.605112623,IBM,244.85,25
2025.05.05D13:39:43.800648431,IBM,244.88,1
2025.05.05D13:39:44.230245310,IBM,244.88,5
2025.05.05D13:39:44.304417004,IBM,244.9592,1
2025.05.05D13:39:44.867300382,IBM,244.96,1
2025.05.05D13:39:45.608177656,IBM,244.96,1
2025.05.05D13:39:47.603681152,IBM,244.88,1
2025.05.05D13:39:47.786531569,IBM,244.9024,1
2025.05.05D13:39:48.302070197,IBM,244.85,75
2025.05.05D13:39:48.315208355,IBM,244.965,10
2025.05.05D13:39:48.315292561,IBM,244.965,10
2025.05.05D13:39:48.549240654,IBM,244.96,1
2025.05.05D13:39:48.745208363,IBM,244.96,100
2025.05.05D13:39:49.066577583,IBM,244.96,2
2025.05.05D13:39:49.230236420,IBM,244.965,11
2025.05.05D13:39:52.727023060,IBM,244.96,1
2025.05.05D13:39:52.727059134,IBM,244.9665,10
2025.05.05D13:39:52.727594423,IBM,244.96,1
2025.05.05D13:39:52.728478535,IBM,244.985,1
2025.05.05D13:39:52.728490473,IBM,244.985,1
2025.05.05D13:39:53.142092351,IBM,244.9628,25
2025.05.05D13:39:53.381357056,IBM,244.985,12
2025.05.05D13:39:54.230522066,IBM,244.985,17
2025.05.05D13:39:55.068530408,IBM,244.985,2
2025.05.05D13:39:55.636844756,IBM,244.9332,1
2025.05.05D13:39:55.637220722,IBM,244.985,1
