datetime,sym,price,size
2025.05.02D08:00:03.529026816,IBM,240.7,1
2025.05.02D08:00:03.640436224,IBM,241.68,1
2025.05.02D08:00:03.640770048,IBM,240.7,1
2025.05.02D08:01:29.506777088,IBM,240.7,2
2025.05.02D08:03:02.401138688,IBM,241.94,5
2025.05.02D08:03:55.435546624,IBM,241.98,1
2025.05.02D08:05:07.807278848,IBM,241,1
2025.05.02D08:05:07.807453184,IBM,241,1
2025.05.02D08:05:07.807501568,IBM,240.98,1
2025.05.02D08:05:07.860247040,IBM,241,1
2025.05.02D08:05:24.465964288,IBM,241.37,1
2025.05.02D08:05:24.466472448,IBM,241.38,1
2025.05.02D08:15:33.645780224,IBM,240.98,20
2025.05.02D08:23:03.956303104,IBM,240.96,2
2025.05.02D08:30:02.555375104,IBM,240.22,8
2025.05.02D08:34:07.771777280,IBM,240.3,1
2025.05.02D08:39:20.399057920,IBM,241,1
2025.05.02D08:43:46.518543104,IBM,240.98,4
2025.05.02D08:43:46.518603264,IBM,240.98,1
2025.05.02D08:43:46.518705408,IBM,240.98,4
2025.05.02D08:43:46.518762496,IBM,240.98,4
2025.05.02D08:43:46.518780672,IBM,240.98,1
2025.05.02D08:43:46.518796032,IBM,240.98,1
2025.05.02D08:43:46.518840832,IBM,240.98,1
2025.05.02D08:43:46.518852864,IBM,240.98,1
2025.05.02D08:44:12.915611136,IBM,240.98,8
2025.05.02D08:55:41.736075776,IBM,240.3,4
2025.05.02D08:55:42.960380672,IBM,240.3,1
2025.05.02D09:01:41.350433280,IBM,240.18,5
2025.05.02D09:01:41.350607616,IBM,240.18,5
2025.05.02D09:01:41.350815232,IBM,240.18,5
2025.05.02D09:04:11.246492416,IBM,240.18,5
2025.05.02D09:04:11.671347712,IBM,240.8,5
2025.05.02D09:04:11.798496768,IBM,240.8,3
2025.05.02D09:04:11.798532864,IBM,240.8,1
2025.05.02D09:04:11.798839552,IBM,240.8,1
2025.05.02D09:04:48.986199296,IBM,240.18,1
2025.05.02D09:08:26.538927616,IBM,240.8,3
2025.05.02D09:12:38.177486592,IBM,240.89,3
2025.05.02D09:13:32.453139456,IBM,240.89,14
2025.05.02D09:13:52.346105856,IBM,240.89,3
2025.05.02D09:14:00.424152064,IBM,240.83,3
2025.05.02D09:14:00.430722560,IBM,240.9,1
2025.05.02D09:14:04.433703936,IBM,240.9,3
2025.05.02D09:20:28.854220800,IBM,240.89,1
2025.05.02D09:20:33.892225024,IBM,240.09,1
2025.05.02D09:36:56.457294080,IBM,240.88,5
2025.05.02D09:40:45.822853376,IBM,240.7,2
2025.05.02D09:40:45.823021824,IBM,240.7,1
2025.05.02D09:40:45.823226368,IBM,240.7,2
2025.05.02D09:40:53.891116544,IBM,240.9,18
2025.05.02D09:45:52.973694464,IBM,240.88,4
2025.05.02D09:49:57.328199936,IBM,240.9,1
2025.05.02D09:53:55.903349504,IBM,240.89,1
2025.05.02D09:56:23.626510336,IBM,240.85,14
2025.05.02D09:56:26.142947328,IBM,240.85,5
2025.05.02D10:09:24.408868096,IBM,240.81,20
2025.05.02D10:09:24.408873984,IBM,240.8,20
2025.05.02D10:09:24.418611200,IBM,240.75,20
2025.05.02D10:09:42.279789056,IBM,240.69,20
2025.05.02D10:09:42.279792128,IBM,240.62,20
2025.05.02D10:09:42.279794688,IBM,240.51,103
2025.05.02D10:09:42.280053504,IBM,240.55,24
2025.05.02D10:09:42.280056320,IBM,240.52,60
2025.05.02D10:09:42.280062464,IBM,240.5,1
2025.05.02D10:09:42.280062464,IBM,240.5,12
2025.05.02D10:09:55.563097344,IBM,240.52,60
2025.05.02D10:09:55.563097344,IBM,240.51,140
2025.05.02D10:09:55.566576640,IBM,240.5,100
2025.05.02D10:14:15.038051840,IBM,240.73,10
2025.05.02D10:14:15.038340608,IBM,240.8,26
2025.05.02D10:21:04.825965568,IBM,240.51,7
2025.05.02D10:30:20.327088128,IBM,240.82,20
2025.05.02D10:30:20.327091200,IBM,240.85,20
2025.05.02D10:30:20.327157248,IBM,241.1,4
2025.05.02D10:30:20.327632640,IBM,241.11,10
2025.05.02D10:30:20.327686656,IBM,241.11,4
2025.05.02D11:00:00.062319616,IBM,240.75,10
2025.05.02D11:00:00.069067520,IBM,240.75,2
2025.05.02D11:00:00.069073664,IBM,240.5,1
2025.05.02D11:00:00.069076480,IBM,240.5,7
2025.05.02D11:00:00.219996928,IBM,240.81,1
2025.05.02D11:00:00.257475328,IBM,240.8,1
2025.05.02D11:00:00.286641664,IBM,240.77,20
2025.05.02D11:02:21.665952768,IBM,240.84,10
2025.05.02D11:02:21.669985536,IBM,240.89,10
2025.05.02D11:03:59.819249664,IBM,240.95,1
2025.05.02D11:03:59.819268096,IBM,240.9,2
2025.05.02D11:03:59.819279872,IBM,240.92,11
2025.05.02D11:03:59.819517440,IBM,240.93,1
2025.05.02D11:04:28.510654208,IBM,240.95,3
2025.05.02D11:09:06.182223360,IBM,240.95,20
2025.05.02D11:09:06.182283520,IBM,240.94,20
2025.05.02D11:09:40.750246144,IBM,240.95,5
2025.05.02D11:09:40.750255104,IBM,240.95,5
2025.05.02D11:09:40.750321408,IBM,240.95,3
2025.05.02D11:09:40.750435584,IBM,241.1,20
2025.05.02D11:09:40.750480640,IBM,241.1,4
2025.05.02D11:09:40.750513920,IBM,241,1
2025.05.02D11:09:40.750649088,IBM,240.93,5
2025.05.02D11:09:42.979399424,IBM,241.23,10
2025.05.02D11:18:16.357225216,IBM,241.21,10
2025.05.02D11:20:17.509515008,IBM,241.23,1
2025.05.02D11:26:33.994388480,IBM,240.88,3
2025.05.02D11:29:40.896296448,IBM,240.88,13
2025.05.02D11:31:24.777673472,IBM,240.88,24
2025.05.02D11:31:24.777878016,IBM,240.88,163
2025.05.02D11:31:32.465059328,IBM,240.77,20
2025.05.02D11:31:32.465062144,IBM,240.61,21
2025.05.02D11:31:32.596517376,IBM,240.6,1
2025.05.02D11:31:32.596517376,IBM,240.56,40
2025.05.02D11:31:32.596950272,IBM,240.8,5
2025.05.02D11:35:49.838113792,IBM,240.8,10
2025.05.02D11:38:17.074530048,IBM,240.94,3
2025.05.02D11:42:37.415289600,IBM,240.94,5
2025.05.02D11:42:37.415382784,IBM,241.06,5
2025.05.02D11:42:37.415488000,IBM,241,5
2025.05.02D11:42:37.415818752,IBM,240.99,20
2025.05.02D11:42:37.416414208,IBM,241.06,15
2025.05.02D11:42:37.420389632,IBM,241.19,5
2025.05.02D11:47:43.636509440,IBM,240.8,20
2025.05.02D11:48:26.063011328,IBM,240.81,2
2025.05.02D11:49:16.765430528,IBM,240.87,2
2025.05.02D11:49:16.765613568,IBM,240.88,20
2025.05.02D11:49:16.766275328,IBM,240.8,2
2025.05.02D11:57:28.731538176,IBM,240.7,1
2025.05.02D12:00:00.082625536,IBM,240.7,1
2025.05.02D12:00:00.158111488,IBM,240.8,1
2025.05.02D12:00:00.159494656,IBM,240.8,25
2025.05.02D12:00:00.174993664,IBM,240.8,41
2025.05.02D12:00:00.322121984,IBM,240.8,11
2025.05.02D12:00:00.382995968,IBM,240.95,1
2025.05.02D12:00:00.669416192,IBM,241,20
2025.05.02D12:00:00.765122048,IBM,240.908,1
2025.05.02D12:00:01.120346112,IBM,240.8,2
2025.05.02D12:00:01.120382208,IBM,240.75,10
2025.05.02D12:00:01.122631424,IBM,240.8,4
2025.05.02D12:00:02.214164736,IBM,239.7,1
2025.05.02D12:00:02.518194688,IBM,239.8,1
2025.05.02D12:00:02.594811136,IBM,240.5,1
2025.05.02D12:00:02.706028032,IBM,240.5,5
2025.05.02D12:00:02.825541376,IBM,241,2
2025.05.02D12:00:02.908541952,IBM,241.758,10
2025.05.02D12:00:02.934911744,IBM,242.18,10
2025.05.02D12:00:02.963861504,IBM,242.2,1
2025.05.02D12:00:02.965683968,IBM,240.5,1
2025.05.02D12:00:03.030076160,IBM,240.5,2
2025.05.02D12:00:03.087019776,IBM,241.23,2
2025.05.02D12:00:03.142444800,IBM,240.5,10
2025.05.02D12:00:03.236719360,IBM,241.9,8
2025.05.02D12:00:09.575627520,IBM,239.66,1
2025.05.02D12:00:17.949484544,IBM,239.66,1
2025.05.02D12:00:19.327383552,IBM,242.15,53
2025.05.02D12:00:19.327994112,IBM,242.41,29
2025.05.02D12:00:19.328541440,IBM,242.6,8
2025.05.02D12:00:19.329251072,IBM,243,1
2025.05.02D12:00:19.330093056,IBM,243,2
2025.05.02D12:00:19.427768576,IBM,242,200
2025.05.02D12:00:19.552283136,IBM,242,19
2025.05.02D12:00:20.761312768,IBM,242.38,1
2025.05.02D12:00:21.505554944,IBM,242.37,10
2025.05.02D12:00:21.775168000,IBM,241.68,1
2025.05.02D12:00:23.484380160,IBM,239.66,1
2025.05.02D12:00:27.071642368,IBM,239.66,1
2025.05.02D12:00:29.235629824,IBM,239.66,1
2025.05.02D12:00:30.551192832,IBM,239.66,1
2025.05.02D12:00:33.259180032,IBM,239.66,1
2025.05.02D12:00:38.887264768,IBM,239.66,1
2025.05.02D12:01:10.714061056,IBM,241.01,2
2025.05.02D12:01:15.119969280,IBM,240.71,1
2025.05.02D12:02:00.125752064,IBM,240.5003,2
2025.05.02D12:02:02.781661440,IBM,239.66,1
2025.05.02D12:02:03.372520704,IBM,239.66,1
2025.05.02D12:02:04.267584256,IBM,239.66,1
2025.05.02D12:02:05.367900416,IBM,239.66,1
2025.05.02D12:02:05.614686464,IBM,239.66,1
2025.05.02D12:02:05.707261952,IBM,239.66,1
2025.05.02D12:02:06.003614720,IBM,239.66,1
2025.05.02D12:02:06.041255424,IBM,239.66,1
2025.05.02D12:02:07.066336512,IBM,239.66,1
2025.05.02D12:02:11.890583040,IBM,239.66,1
2025.05.02D12:02:11.920928512,IBM,239.66,1
2025.05.02D12:02:14.939262464,IBM,239.66,1
2025.05.02D12:02:15.139689728,IBM,239.66,1
2025.05.02D12:02:16.441397248,IBM,239.66,1
2025.05.02D12:02:17.997350144,IBM,239.66,1
2025.05.02D12:02:21.424838656,IBM,239.66,1
2025.05.02D12:02:21.490466816,IBM,239.66,1
2025.05.02D12:02:24.032678912,IBM,239.66,1
2025.05.02D12:02:33.672039680,IBM,239.66,1
2025.05.02D12:02:36.904808704,IBM,239.66,1
2025.05.02D12:02:38.837553920,IBM,239.66,1
2025.05.02D12:02:44.146136832,IBM,239.66,1
2025.05.02D12:02:45.607047936,IBM,239.66,1
2025.05.02D12:02:45.612932864,IBM,239.66,1
2025.05.02D12:02:47.661789440,IBM,239.66,1
2025.05.02D12:03:10.981100032,IBM,240.8,1
2025.05.02D12:03:36.007130368,IBM,240.72,4
2025.05.02D12:03:43.244186624,IBM,240.65,15
2025.05.02D12:06:26.704531712,IBM,240.72,1
2025.05.02D12:06:40.809693440,IBM,240.74,1
2025.05.02D12:07:27.159578368,IBM,240.72,20
2025.05.02D12:07:27.159629568,IBM,240.72,20
2025.05.02D12:08:14.897851136,IBM,240.73,3
2025.05.02D12:08:22.602617088,IBM,240.8,1
2025.05.02D12:10:36.794615296,IBM,240.77,1
2025.05.02D12:10:36.794684416,IBM,240.8,438
2025.05.02D12:10:36.794693632,IBM,240.77,9
2025.05.02D12:10:36.794729472,IBM,240.8,16
2025.05.02D12:10:36.794741760,IBM,240.8,22
2025.05.02D12:10:49.623872512,IBM,240.53,1
2025.05.02D12:13:19.651061248,IBM,241,1
2025.05.02D12:13:20.839249920,IBM,240.92,1
2025.05.02D12:17:00.723133184,IBM,241.01,50
2025.05.02D12:22:47.731562752,IBM,241.11,1
2025.05.02D12:25:27.517668096,IBM,240.93,10
2025.05.02D12:29:14.538733312,IBM,241,5
2025.05.02D12:29:14.538784512,IBM,241,5
2025.05.02D12:29:14.539328512,IBM,241.09,3
2025.05.02D12:29:14.539458048,IBM,241.04,2
2025.05.02D12:29:14.539581184,IBM,241.04,20
2025.05.02D12:29:25.726718976,IBM,241.11,3
2025.05.02D12:29:25.726757888,IBM,241.11,5
2025.05.02D12:29:25.726893312,IBM,241.06,2
2025.05.02D12:29:25.727025408,IBM,241.11,1
2025.05.02D12:30:01.094745088,IBM,241.23,10
2025.05.02D12:30:01.094745088,IBM,241.23,1
2025.05.02D12:30:01.098329600,IBM,241.7,5
2025.05.02D12:30:01.098594304,IBM,241.67,40
2025.05.02D12:30:01.110324992,IBM,241.88,89
2025.05.02D12:30:01.114559232,IBM,241.88,5
2025.05.02D12:30:01.117821952,IBM,241.88,10
2025.05.02D12:30:01.118998016,IBM,241.88,5
2025.05.02D12:30:01.120997376,IBM,241.88,5
2025.05.02D12:30:11.209600768,IBM,241.8,24
2025.05.02D12:30:11.209600768,IBM,241.89,26
2025.05.02D12:30:35.679858944,IBM,241.88,2
2025.05.02D12:31:42.765326080,IBM,241.88,6
2025.05.02D12:31:42.765374208,IBM,241.89,15
2025.05.02D12:31:42.765377280,IBM,241.89,224
2025.05.02D12:31:45.077526272,IBM,241.89,25
2025.05.02D12:33:00.586025472,IBM,241.9,1
2025.05.02D12:33:42.310533376,IBM,241.24,20
2025.05.02D12:33:42.310536192,IBM,240.76,80
2025.05.02D12:33:42.310578432,IBM,241.03,69
2025.05.02D12:33:42.310578432,IBM,241.03,31
2025.05.02D12:35:47.621295360,IBM,240.93,50
2025.05.02D12:36:05.552227840,IBM,240.7,9
2025.05.02D12:36:07.494233856,IBM,241.9,18
2025.05.02D12:36:40.003432704,IBM,241.9133,40
2025.05.02D12:37:24.303090176,IBM,241.89,5
2025.05.02D12:38:01.271815680,IBM,242,10
2025.05.02D12:39:48.851482624,IBM,241.9903,100
2025.05.02D12:40:11.780598016,IBM,241.74,5
2025.05.02D12:40:18.024933632,IBM,241.9936,151
2025.05.02D12:40:18.724843776,IBM,241.03,1
2025.05.02D12:41:57.900781824,IBM,241.9,1
2025.05.02D12:42:44.486728192,IBM,241.55,9
2025.05.02D12:43:15.316573440,IBM,241.35,50
2025.05.02D12:43:45.488805632,IBM,241.06,1
2025.05.02D12:43:54.442870016,IBM,240.75,10
2025.05.02D12:43:59.139688960,IBM,240.75,12
2025.05.02D12:45:30.754194176,IBM,241.9,1
2025.05.02D12:46:17.780251136,IBM,241.03,211
2025.05.02D12:47:18.927099904,IBM,240.75,5
2025.05.02D12:47:26.822086912,IBM,240.75,25
2025.05.02D12:50:58.436203776,IBM,241,17
2025.05.02D12:51:13.078269696,IBM,240.75,17
2025.05.02D12:51:24.055068672,IBM,241.3299,1
2025.05.02D12:51:35.678310144,IBM,241.33,1
2025.05.02D12:52:15.592678912,IBM,241.3299,8
2025.05.02D12:52:28.624615680,IBM,241,1
2025.05.02D12:52:49.297856000,IBM,241,1
2025.05.02D12:52:57.638038784,IBM,241,2
2025.05.02D12:53:08.987033600,IBM,241.33,1
2025.05.02D12:53:14.488778496,IBM,241.31,20
2025.05.02D12:54:28.900637696,IBM,241.31,12
2025.05.02D12:54:28.902920192,IBM,241.33,299
2025.05.02D12:54:28.904234240,IBM,241.57,10
2025.05.02D12:54:28.931978496,IBM,242,179
2025.05.02D12:54:29.510977280,IBM,241.65,16
2025.05.02D12:54:29.534923264,IBM,241.7,8
2025.05.02D12:54:33.293607424,IBM,241.7,12
2025.05.02D12:54:33.297357312,IBM,241.74,15
2025.05.02D12:54:33.297357312,IBM,241.76,20
2025.05.02D12:54:33.300220160,IBM,241.8,20
2025.05.02D12:54:33.303456000,IBM,241.88,5
2025.05.02D12:54:33.325591552,IBM,241.88,8
2025.05.02D12:54:51.006012672,IBM,241.9,1
2025.05.02D12:54:52.042854912,IBM,242,270
2025.05.02D12:55:13.376207872,IBM,241.88,16
2025.05.02D12:55:18.066450432,IBM,241.88,8
2025.05.02D12:55:18.067319552,IBM,241.88,8
2025.05.02D12:55:22.782624256,IBM,241.88,8
2025.05.02D12:55:51.345402624,IBM,242,1
2025.05.02D12:56:20.316620800,IBM,241.958,5
2025.05.02D12:57:10.298386176,IBM,242,2
2025.05.02D12:57:10.750618112,IBM,241.96,1
2025.05.02D12:57:26.822659840,IBM,241.88,40
2025.05.02D12:57:26.826220288,IBM,241.88,8
2025.05.02D12:57:37.190537472,IBM,241.88,8
2025.05.02D12:57:39.462092288,IBM,241.88,8
2025.05.02D12:57:39.465045248,IBM,241.88,8
2025.05.02D12:57:46.060121856,IBM,241.88,10
2025.05.02D12:57:46.061811968,IBM,241.9,1
2025.05.02D12:57:46.061911040,IBM,241.94,3
2025.05.02D12:57:46.061938176,IBM,241.94,2
2025.05.02D12:57:46.073861632,IBM,241.94,8
2025.05.02D12:58:30.582546944,IBM,241.65,20
2025.05.02D12:58:30.582546944,IBM,241.63,20
2025.05.02D12:58:30.582550016,IBM,241.57,10
2025.05.02D12:58:30.618810368,IBM,241.89,8
2025.05.02D12:58:52.709772544,IBM,241.89,8
2025.05.02D12:58:52.711781376,IBM,241.89,8
2025.05.02D12:58:55.616271616,IBM,241.89,8
2025.05.02D12:58:55.618872576,IBM,241.89,8
2025.05.02D12:58:57.655827456,IBM,241.89,8
2025.05.02D12:59:10.120492800,IBM,241.95,2
2025.05.02D12:59:44.753761024,IBM,241.86,8
2025.05.02D12:59:47.486557952,IBM,241.86,2
2025.05.02D12:59:47.486560768,IBM,241.88,20
2025.05.02D12:59:47.486560768,IBM,241.89,3
2025.05.02D12:59:47.487838976,IBM,241.86,10
2025.05.02D12:59:47.488365056,IBM,241.86,5
2025.05.02D12:59:47.493197568,IBM,241.86,5
2025.05.02D12:59:47.493756928,IBM,241.94,3
2025.05.02D12:59:50.963517952,IBM,241.95,1
2025.05.02D13:00:06.939534080,IBM,241.94,16
2025.05.02D13:00:06.945527296,IBM,241.94,8
2025.05.02D13:00:17.391210496,IBM,241.86,3
2025.05.02D13:00:17.404953600,IBM,241.86,1
2025.05.02D13:01:00.164844032,IBM,241.94,1
2025.05.02D13:01:17.062883328,IBM,241.94,16
2025.05.02D13:01:17.070211584,IBM,241.94,8
2025.05.02D13:01:22.241035776,IBM,241.94,8
2025.05.02D13:01:22.243967744,IBM,241.94,8
2025.05.02D13:02:45.815429120,IBM,241.8827,1
2025.05.02D13:03:21.889927424,IBM,241.8999,10
2025.05.02D13:04:06.875872512,IBM,241.9,1
2025.05.02D13:04:54.977611264,IBM,241.9,46
2025.05.02D13:06:01.385330944,IBM,241.85,8
2025.05.02D13:06:01.386605824,IBM,241.85,8
2025.05.02D13:06:03.326209536,IBM,241.85,16
2025.05.02D13:08:28.268248576,IBM,241.89,20
2025.05.02D13:09:09.063108096,IBM,241.85,16
2025.05.02D13:09:12.047720704,IBM,241.55,5
2025.05.02D13:09:17.202625792,IBM,241.9,10
2025.05.02D13:09:50.857002496,IBM,241.78,1
2025.05.02D13:10:08.134106624,IBM,241.78,8
2025.05.02D13:10:08.306074112,IBM,241.78,6
2025.05.02D13:10:08.307003392,IBM,241.78,2
2025.05.02D13:10:08.308867584,IBM,241.78,8
2025.05.02D13:10:10.595671296,IBM,241.78,8
2025.05.02D13:10:10.595707392,IBM,241.78,5
2025.05.02D13:10:10.596155392,IBM,241.78,3
2025.05.02D13:10:10.601072128,IBM,241.78,4
2025.05.02D13:10:10.603035904,IBM,241.85,4
2025.05.02D13:10:23.589471744,IBM,241.85,21
2025.05.02D13:10:23.589760256,IBM,241.89,59
2025.05.02D13:11:10.800486144,IBM,241.9,15
2025.05.02D13:11:10.800702464,IBM,241.9,119
2025.05.02D13:12:04.048608000,IBM,241.9,2
2025.05.02D13:12:13.993246208,IBM,241.9,20
2025.05.02D13:12:30.857511680,IBM,241.95,1
2025.05.02D13:12:30.857523968,IBM,241.98,20
2025.05.02D13:12:30.857590016,IBM,241.98,1
2025.05.02D13:12:47.238114560,IBM,242,2
2025.05.02D13:12:47.238211072,IBM,242,10
2025.05.02D13:12:47.238214144,IBM,242,190
2025.05.02D13:12:47.238216960,IBM,242,10
2025.05.02D13:12:47.238228992,IBM,242,10
2025.05.02D13:12:47.238244096,IBM,242,7
2025.05.02D13:12:47.238246912,IBM,242,28
2025.05.02D13:12:47.238249984,IBM,242,50
2025.05.02D13:12:47.238270976,IBM,242,50
2025.05.02D13:12:47.238291968,IBM,242,72
2025.05.02D13:12:47.238535680,IBM,242,10
2025.05.02D13:12:47.238752000,IBM,242,100
2025.05.02D13:12:47.238809344,IBM,242,75
2025.05.02D13:12:47.238926592,IBM,242,15
2025.05.02D13:12:47.241581824,IBM,242,600
2025.05.02D13:12:55.551821824,IBM,242.07,40
2025.05.02D13:12:55.551843328,IBM,242.03,10
2025.05.02D13:12:55.551852032,IBM,242.04,10
2025.05.02D13:12:55.551881984,IBM,242.03,10
2025.05.02D13:12:55.552098560,IBM,242.03,27
2025.05.02D13:13:05.229223936,IBM,242.1,1
2025.05.02D13:13:41.479897856,IBM,242.1,1
2025.05.02D13:13:41.479900928,IBM,242.12,1
2025.05.02D13:13:41.480039168,IBM,242.13,10
2025.05.02D13:13:41.480201472,IBM,242.12,10
2025.05.02D13:13:51.976285184,IBM,242.14,1
2025.05.02D13:13:51.976339200,IBM,242.14,10
2025.05.02D13:13:53.599700224,IBM,242.12,1
2025.05.02D13:14:20.848512000,IBM,242.12,1
2025.05.02D13:14:27.009321216,IBM,242.03,8
2025.05.02D13:14:47.873300992,IBM,242.12,3
2025.05.02D13:15:05.107091712,IBM,241.88,2
2025.05.02D13:15:34.703834112,IBM,242.2,1
2025.05.02D13:15:36.975999744,IBM,242.2,1
2025.05.02D13:15:42.916606464,IBM,242.12,1
2025.05.02D13:15:42.917045504,IBM,242.1,2
2025.05.02D13:15:42.917057536,IBM,242.06,2
2025.05.02D13:15:42.917120768,IBM,242.1,10
2025.05.02D13:15:42.917141760,IBM,242.1,2
2025.05.02D13:15:42.917207808,IBM,242.06,2
2025.05.02D13:16:30.830996736,IBM,242.1,10
2025.05.02D13:17:10.222603008,IBM,242.1,7
2025.05.02D13:17:10.222606080,IBM,242.1,3
2025.05.02D13:17:29.277200128,IBM,242.06,1
2025.05.02D13:17:42.259221760,IBM,242,1
2025.05.02D13:19:09.661826560,IBM,242,20
2025.05.02D13:19:44.650627584,IBM,242.005,100
2025.05.02D13:20:09.098874624,IBM,242.12,8
2025.05.02D13:20:23.863726592,IBM,242.08,20
2025.05.02D13:20:23.863729920,IBM,242.06,20
2025.05.02D13:20:23.863729920,IBM,242.06,205
2025.05.02D13:20:33.022079232,IBM,242.03,200
2025.05.02D13:20:35.065342720,IBM,242.01,100
2025.05.02D13:20:35.065742592,IBM,242.06,1
2025.05.02D13:20:41.059858944,IBM,242.08,26
2025.05.02D13:20:49.935896576,IBM,242,770
2025.05.02D13:21:23.358084096,IBM,242.005,1
2025.05.02D13:21:24.099111936,IBM,242,100
2025.05.02D13:21:33.878537216,IBM,242.14,10
2025.05.02D13:21:45.980804096,IBM,242.03,1
2025.05.02D13:22:39.169654784,IBM,242.03,100
2025.05.02D13:22:39.170256384,IBM,242.09,10
2025.05.02D13:22:40.906183168,IBM,242.01,50
2025.05.02D13:22:40.906186240,IBM,242.01,38
2025.05.02D13:22:40.906189056,IBM,242,100
2025.05.02D13:22:40.906742528,IBM,242.09,5
2025.05.02D13:22:48.556338688,IBM,242.2,1
2025.05.02D13:22:51.475368704,IBM,242.17,2
2025.05.02D13:23:13.822580224,IBM,241.98,5
2025.05.02D13:23:13.822793728,IBM,241.98,10
2025.05.02D13:23:38.668989440,IBM,241.98,5
2025.05.02D13:24:07.032964864,IBM,241.98,10
2025.05.02D13:24:07.034621952,IBM,241.98,10
2025.05.02D13:24:12.839245568,IBM,242,2
2025.05.02D13:24:12.839393024,IBM,241.98,18
2025.05.02D13:24:40.112262144,IBM,242,8
2025.05.02D13:24:51.658294272,IBM,242.06,2
2025.05.02D13:24:52.950384384,IBM,242.06,2
2025.05.02D13:24:52.950459392,IBM,242.17,1
2025.05.02D13:24:52.950498560,IBM,242.12,2
2025.05.02D13:25:03.592040960,IBM,242.17,1
2025.05.02D13:25:03.592660224,IBM,242.17,1
2025.05.02D13:25:03.614588416,IBM,242.17,2
2025.05.02D13:25:03.615232000,IBM,242.17,1
2025.05.02D13:26:19.303553024,IBM,242.17,2
2025.05.02D13:26:19.303553024,IBM,242.2,498
2025.05.02D13:26:19.303613184,IBM,242.2,2
2025.05.02D13:26:19.303616000,IBM,242.2,2
2025.05.02D13:26:19.303619072,IBM,242.2,2
2025.05.02D13:26:19.303886848,IBM,242.2,246
2025.05.02D13:26:19.303889664,IBM,242.2,4
2025.05.02D13:26:21.418377728,IBM,242.24,100
2025.05.02D13:26:22.248092416,IBM,241.37,1
2025.05.02D13:26:22.278918656,IBM,242.25,100
2025.05.02D13:26:22.567858944,IBM,241.37,1
2025.05.02D13:26:33.563142144,IBM,241.37,1
2025.05.02D13:27:45.875459328,IBM,242.08,30
2025.05.02D13:27:45.875471616,IBM,242,20
2025.05.02D13:28:04.758566656,IBM,242.49,3
2025.05.02D13:28:31.075799808,IBM,242.5,40
2025.05.02D13:28:31.075892992,IBM,242.5,100
2025.05.02D13:28:31.075992320,IBM,242.5,10
2025.05.02D13:28:31.075992320,IBM,242.5,40
2025.05.02D13:28:31.076383232,IBM,242.55,15
2025.05.02D13:28:31.076464384,IBM,242.65,15
2025.05.02D13:28:31.076470272,IBM,242.5,100
2025.05.02D13:28:31.076485376,IBM,242.65,25
2025.05.02D13:28:31.076512512,IBM,242.65,5
2025.05.02D13:28:31.077733376,IBM,242.65,80
2025.05.02D13:28:31.077799424,IBM,242.65,5
2025.05.02D13:28:31.108063744,IBM,242.65,30
2025.05.02D13:28:31.108132608,IBM,242.65,5
2025.05.02D13:28:32.265288448,IBM,242.7,6
2025.05.02D13:28:38.119298048,IBM,242.82,50
2025.05.02D13:28:43.921132288,IBM,242.82,50
2025.05.02D13:28:43.928081920,IBM,242.83,50
2025.05.02D13:28:43.930343168,IBM,242.83,50
2025.05.02D13:29:55.305458944,IBM,242.5,10
2025.05.02D13:29:59.078197760,IBM,242.5,90
2025.05.02D13:29:59.078197760,IBM,242.83,110
2025.05.02D13:29:59.079057920,IBM,242.83,90
2025.05.02D13:29:59.079057920,IBM,242.83,1
2025.05.02D13:29:59.079605248,IBM,242.93,3
2025.05.02D13:29:59.324718848,IBM,243,1
2025.05.02D13:29:59.324721920,IBM,243,1
2025.05.02D13:29:59.324724992,IBM,243,1
2025.05.02D13:29:59.324815104,IBM,243,100
2025.05.02D13:29:59.324833280,IBM,243,200
2025.05.02D13:29:59.325131008,IBM,243,7
2025.05.02D13:29:59.325136896,IBM,243,4
2025.05.02D13:29:59.325281280,IBM,242.92,50
2025.05.02D13:29:59.325284096,IBM,243,1
2025.05.02D13:29:59.330805504,IBM,243.28,100
2025.05.02D13:29:59.330808320,IBM,243.28,100
2025.05.02D13:29:59.703022592,IBM,243.37,100
2025.05.02D13:29:59.703810560,IBM,243.4,7
2025.05.02D13:29:59.703813632,IBM,243.4,4
2025.05.02D13:29:59.704165376,IBM,243.5,20
2025.05.02D13:29:59.704631552,IBM,243.5,25
2025.05.02D13:29:59.704980480,IBM,243.52,9
2025.05.02D13:30:00.517653504,IBM,243.125,100
2025.05.02D13:30:00.546212608,IBM,242.73,2
2025.05.02D13:30:00.546212608,IBM,242.73,2
2025.05.02D13:30:00.848236544,IBM,242.53,1
2025.05.02D13:30:00.880512512,IBM,242.53,1
2025.05.02D13:30:00.881817600,IBM,242.53,1
2025.05.02D13:30:00.887221504,IBM,242.53,1
2025.05.02D13:30:00.888355328,IBM,243.36,100
2025.05.02D13:30:00.888355328,IBM,243.67,1
2025.05.02D13:30:00.888412416,IBM,243.69,419
2025.05.02D13:30:00.888430336,IBM,243.69,10
2025.05.02D13:30:00.888490496,IBM,243.69,30
2025.05.02D13:30:00.888734208,IBM,243.7,51448
2025.05.02D13:30:00.888734208,IBM,243.7,51448
2025.05.02D13:30:00.888821248,IBM,243.36,100
2025.05.02D13:30:00.888935680,IBM,243.65,1
2025.05.02D13:30:00.888938752,IBM,243.69,200
2025.05.02D13:30:00.888956672,IBM,243.69,56
2025.05.02D13:30:00.888980736,IBM,243.69,100
2025.05.02D13:30:00.889004800,IBM,243.69,1
2025.05.02D13:30:00.889031936,IBM,243.69,24
2025.05.02D13:30:00.889037824,IBM,243.69,40
2025.05.02D13:30:00.889059072,IBM,243.7,20
2025.05.02D13:30:00.889425664,IBM,243.65,1
2025.05.02D13:30:00.889434880,IBM,243.65,11
2025.05.02D13:30:00.889464832,IBM,243.7,48
2025.05.02D13:30:00.889467904,IBM,243.7,20
2025.05.02D13:30:00.889467904,IBM,243.7,56
2025.05.02D13:30:00.889482752,IBM,243.65,68
2025.05.02D13:30:00.889786624,IBM,243.7,58
2025.05.02D13:30:00.889786624,IBM,243.7,80
2025.05.02D13:30:00.889786624,IBM,243.72,32
2025.05.02D13:30:00.889789696,IBM,243.7,61
2025.05.02D13:30:00.889795840,IBM,243.72,20
2025.05.02D13:30:00.889807616,IBM,243.7,106
2025.05.02D13:30:00.889810688,IBM,243.7,69
2025.05.02D13:30:00.892799744,IBM,241.33,105
2025.05.02D13:30:00.893602816,IBM,241.33,15
2025.05.02D13:30:00.893963520,IBM,243.65,20
2025.05.02D13:30:00.893966848,IBM,243.7,100
2025.05.02D13:30:00.893966848,IBM,243.77,99
2025.05.02D13:30:00.893969408,IBM,243.77,1
2025.05.02D13:30:00.893972480,IBM,243.82,100
2025.05.02D13:30:00.898128384,IBM,243.72,73
2025.05.02D13:30:00.898338816,IBM,243.82,82
2025.05.02D13:30:00.898387200,IBM,243.82,100
2025.05.02D13:30:00.898399232,IBM,243.82,70
2025.05.02D13:30:00.898414080,IBM,243.82,30
2025.05.02D13:30:00.898453248,IBM,243.82,100
2025.05.02D13:30:00.898468608,IBM,243.82,46
2025.05.02D13:30:00.898528512,IBM,243.69,11
2025.05.02D13:30:00.902422528,IBM,243.72,98
2025.05.02D13:30:00.902630144,IBM,243.72,20
2025.05.02D13:30:00.902663168,IBM,243.72,72
2025.05.02D13:30:00.902672384,IBM,243.72,33
2025.05.02D13:30:00.904455424,IBM,243.59,1
2025.05.02D13:30:00.904876544,IBM,243.61,1
2025.05.02D13:30:00.904984832,IBM,243.61,1
2025.05.02D13:30:00.912692224,IBM,243.7,18
2025.05.02D13:30:00.912716288,IBM,243.7,5
2025.05.02D13:30:00.912764416,IBM,243.7,174
2025.05.02D13:30:00.912818432,IBM,243.7,75
2025.05.02D13:30:00.912899584,IBM,243.7,3
2025.05.02D13:30:00.912965888,IBM,243.7,3
2025.05.02D13:30:00.912977920,IBM,243.7,15
2025.05.02D13:30:00.913025792,IBM,243.7,37
2025.05.02D13:30:00.913059072,IBM,243.7,4
2025.05.02D13:30:00.913128192,IBM,243.7,3
2025.05.02D13:30:00.913170176,IBM,243.7,15
2025.05.02D13:30:00.913191424,IBM,243.7,3
2025.05.02D13:30:00.913266688,IBM,243.7,71
2025.05.02D13:30:00.913290496,IBM,243.7,75
2025.05.02D13:30:00.913985280,IBM,243.7,37
2025.05.02D13:30:00.914030336,IBM,243.7,56
2025.05.02D13:30:00.914078464,IBM,243.7,3
2025.05.02D13:30:00.914108672,IBM,243.7,3
2025.05.02D13:30:00.914132480,IBM,243.7,75
2025.05.02D13:30:00.914183936,IBM,243.7,14
2025.05.02D13:30:00.914237952,IBM,243.7,8
2025.05.02D13:30:00.914433280,IBM,243.7,4
2025.05.02D13:30:00.914562560,IBM,243.7,71
2025.05.02D13:30:00.914637824,IBM,243.7,9
2025.05.02D13:30:00.914712832,IBM,243.7,3
2025.05.02D13:30:00.914872320,IBM,243.7,4
2025.05.02D13:30:00.915876864,IBM,243.7,1
2025.05.02D13:30:00.916610560,IBM,243.7,1
2025.05.02D13:30:00.917332224,IBM,243.7,1
2025.05.02D13:30:00.917563904,IBM,242.92,62
2025.05.02D13:30:00.917590784,IBM,243.01,40
2025.05.02D13:30:00.917753088,IBM,243.7,1
2025.05.02D13:30:00.918071808,IBM,242.92,7
2025.05.02D13:30:00.918135040,IBM,243.02,80
2025.05.02D13:30:00.918138112,IBM,242.92,200
2025.05.02D13:30:00.918369792,IBM,243.7,1
2025.05.02D13:30:00.919073280,IBM,243.7,1
2025.05.02D13:30:00.919329024,IBM,243.7,1
2025.05.02D13:30:00.919762176,IBM,243.7,1
2025.05.02D13:30:00.920363520,IBM,243.7,1
2025.05.02D13:30:00.920880640,IBM,243.7,1
2025.05.02D13:30:00.921250560,IBM,243.7,1
2025.05.02D13:30:00.921939200,IBM,243.7,1
2025.05.02D13:30:00.922423296,IBM,243.7,1
2025.05.02D13:30:00.922681856,IBM,243.7,1
2025.05.02D13:30:00.924209664,IBM,243.02,112
2025.05.02D13:30:00.924284672,IBM,242.92,188
2025.05.02D13:30:00.962538752,IBM,242.905,4
2025.05.02D13:30:00.963522304,IBM,241.33,63
2025.05.02D13:30:00.976780800,IBM,243.7,1
2025.05.02D13:30:00.976916224,IBM,243.7,1
2025.05.02D13:30:00.977132544,IBM,243.7,1
2025.05.02D13:30:00.977788160,IBM,243.7,1
2025.05.02D13:30:00.978170112,IBM,243.7,1
2025.05.02D13:30:01.009303296,IBM,243.3,4
2025.05.02D13:30:01.064953856,IBM,243.7,1
2025.05.02D13:30:01.065678592,IBM,243.7,1
2025.05.02D13:30:01.066538752,IBM,243.7,1
2025.05.02D13:30:01.066785280,IBM,243.7,1
2025.05.02D13:30:01.067882752,IBM,243.7,1
2025.05.02D13:30:01.068649728,IBM,243.7,1
2025.05.02D13:30:01.069136896,IBM,243.7,1
2025.05.02D13:30:01.080726272,IBM,242.53,1
2025.05.02D13:30:01.081827072,IBM,243.7,1
2025.05.02D13:30:01.089029120,IBM,242.995,45
2025.05.02D13:30:01.089089536,IBM,242.995,29
2025.05.02D13:30:01.090310400,IBM,242.53,1
2025.05.02D13:30:01.133342720,IBM,243,60
2025.05.02D13:30:01.137832448,IBM,242.53,1
2025.05.02D13:30:01.148622080,IBM,242.53,1
2025.05.02D13:30:01.150074368,IBM,243.7,1
2025.05.02D13:30:01.150414336,IBM,243.7,1
2025.05.02D13:30:01.151496960,IBM,243.7,1
2025.05.02D13:30:01.152570624,IBM,243.7,1
2025.05.02D13:30:01.153604864,IBM,243.7,1
2025.05.02D13:30:01.153977856,IBM,243.7,1
2025.05.02D13:30:01.155442176,IBM,243.7,1
2025.05.02D13:30:01.156145920,IBM,243.7,1
2025.05.02D13:30:01.182726400,IBM,243.7,1
2025.05.02D13:30:01.183081216,IBM,243.7,1
2025.05.02D13:30:01.184163584,IBM,243.7,1
2025.05.02D13:30:01.184509440,IBM,243.7,1
2025.05.02D13:30:01.184897536,IBM,243.7,1
2025.05.02D13:30:01.185940992,IBM,243.7,1
2025.05.02D13:30:01.186301952,IBM,243.7,1
2025.05.02D13:30:01.186695680,IBM,243.7,1
2025.05.02D13:30:01.226772224,IBM,243.7,1
2025.05.02D13:30:01.239417344,IBM,242.41,70
2025.05.02D13:30:01.239450368,IBM,242.18,20
2025.05.02D13:30:01.241041152,IBM,242.34,10
2025.05.02D13:30:01.314054912,IBM,242.995,35
2025.05.02D13:30:01.364172288,IBM,243,100
2025.05.02D13:30:01.368162816,IBM,243,100
2025.05.02D13:30:01.380167424,IBM,243.7,1
2025.05.02D13:30:01.397798400,IBM,243,100
2025.05.02D13:30:01.419654400,IBM,243.7,1
2025.05.02D13:30:01.424646400,IBM,243,10
2025.05.02D13:30:01.430194432,IBM,243.69,1
2025.05.02D13:30:01.431454464,IBM,242.525,1
2025.05.02D13:30:01.435216384,IBM,242.95,100
2025.05.02D13:30:01.447975936,IBM,242.525,1
2025.05.02D13:30:01.450023680,IBM,243.81,1
2025.05.02D13:30:01.450159104,IBM,242.525,1
2025.05.02D13:30:01.453683456,IBM,242.99,55
2025.05.02D13:30:01.453915136,IBM,242.94,28
2025.05.02D13:30:01.464701696,IBM,242.525,1
2025.05.02D13:30:01.508720384,IBM,242.525,1
2025.05.02D13:30:01.517838080,IBM,242.995,1
2025.05.02D13:30:01.522451200,IBM,242.5,20
2025.05.02D13:30:01.522472192,IBM,242.5,20
2025.05.02D13:30:01.564470272,IBM,242.525,1
2025.05.02D13:30:01.625431552,IBM,242.6,5
2025.05.02D13:30:01.643095552,IBM,243.7,1
2025.05.02D13:30:01.745627648,IBM,243.7,1
2025.05.02D13:30:01.745651712,IBM,243.7,1
2025.05.02D13:30:01.745985536,IBM,243.7,1
2025.05.02D13:30:01.746039552,IBM,243.7,1
2025.05.02D13:30:01.751305216,IBM,243.7,1
2025.05.02D13:30:01.752844800,IBM,243.7,1
2025.05.02D13:30:01.776017920,IBM,242.7,1
2025.05.02D13:30:01.776562432,IBM,243.7,1
2025.05.02D13:30:01.817856512,IBM,243.7,1
2025.05.02D13:30:01.873810944,IBM,243.7,1
2025.05.02D13:30:01.877043712,IBM,243.7,1
2025.05.02D13:30:01.892695808,IBM,243.7,1
2025.05.02D13:30:01.921224704,IBM,243.7,1
2025.05.02D13:30:01.922027520,IBM,243.7,1
2025.05.02D13:30:01.963298048,IBM,243.7,1
2025.05.02D13:30:01.966470656,IBM,243.7,1
2025.05.02D13:30:01.966638848,IBM,243.7,1
2025.05.02D13:30:01.966861568,IBM,243.7,1
2025.05.02D13:30:01.967676416,IBM,243.7,1
2025.05.02D13:30:01.968759040,IBM,243.7,1
2025.05.02D13:30:01.970388736,IBM,243.7,1
2025.05.02D13:30:01.975317504,IBM,243.19,1
2025.05.02D13:30:01.975840768,IBM,243.7,1
2025.05.02D13:30:01.975888896,IBM,243.7,1
2025.05.02D13:30:01.980089856,IBM,243.12,100
2025.05.02D13:30:01.980291328,IBM,242.72,5
2025.05.02D13:30:01.980556032,IBM,242.7,5
2025.05.02D13:30:01.980640256,IBM,242.7,100
2025.05.02D13:30:01.980847616,IBM,242.7,100
2025.05.02D13:30:01.981037312,IBM,242.7,5
2025.05.02D13:30:02.077383680,IBM,243.7,1
2025.05.02D13:30:02.087836416,IBM,243.7,1
2025.05.02D13:30:02.111084800,IBM,242.835,5
2025.05.02D13:30:02.117610496,IBM,242.9,5
2025.05.02D13:30:02.117613312,IBM,242.99,5
2025.05.02D13:30:02.117661696,IBM,243.03,40
2025.05.02D13:30:02.139797248,IBM,243.7,1
2025.05.02D13:30:02.141186560,IBM,243.7,1
2025.05.02D13:30:02.153997056,IBM,243.7,1
2025.05.02D13:30:02.157464320,IBM,243.7,1
2025.05.02D13:30:02.160339200,IBM,243.7,1
2025.05.02D13:30:02.160561664,IBM,243.7,1
2025.05.02D13:30:02.163634944,IBM,243.7,1
2025.05.02D13:30:02.172677632,IBM,243.7,1
2025.05.02D13:30:02.175997440,IBM,243.7,1
2025.05.02D13:30:02.176147712,IBM,243.7,1
2025.05.02D13:30:02.248611328,IBM,242.86,8
2025.05.02D13:30:02.254664704,IBM,243.7,1
2025.05.02D13:30:02.257993728,IBM,243.765,1
2025.05.02D13:30:02.270277888,IBM,243.7,1
2025.05.02D13:30:02.271658240,IBM,243.7,1
2025.05.02D13:30:02.276601856,IBM,243.7,1
2025.05.02D13:30:02.279621120,IBM,243.7,1
2025.05.02D13:30:02.282354688,IBM,243.7,1
2025.05.02D13:30:02.286143744,IBM,243.7,1
2025.05.02D13:30:02.287060736,IBM,243.7,1
2025.05.02D13:30:02.344278016,IBM,243.7,1
2025.05.02D13:30:02.373582848,IBM,243.7,1
2025.05.02D13:30:02.414459136,IBM,243.7,1
2025.05.02D13:30:02.417325056,IBM,243.7,1
2025.05.02D13:30:02.450033920,IBM,243.7,1
2025.05.02D13:30:02.456833024,IBM,243.7,1
2025.05.02D13:30:02.457356544,IBM,243.7,1
2025.05.02D13:30:02.463316480,IBM,243.7,1
2025.05.02D13:30:02.473835520,IBM,243.7,1
2025.05.02D13:30:02.501320960,IBM,243.7,1
2025.05.02D13:30:02.501774848,IBM,243.7,1
2025.05.02D13:30:02.541944576,IBM,243.1,1
2025.05.02D13:30:02.607250944,IBM,243.7,1
2025.05.02D13:30:02.614390016,IBM,243.7,1
2025.05.02D13:30:02.614829056,IBM,243.7,1
2025.05.02D13:30:02.618332416,IBM,243.7,1
2025.05.02D13:30:02.668696320,IBM,243.7,1
2025.05.02D13:30:02.774812928,IBM,242.86,12
2025.05.02D13:30:02.774876160,IBM,242.86,5
2025.05.02D13:30:02.845571584,IBM,243.24,1
2025.05.02D13:30:02.856054528,IBM,242.86,40
2025.05.02D13:30:02.878006784,IBM,243.24,1
2025.05.02D13:30:02.878006784,IBM,243.24,1
2025.05.02D13:30:02.878160128,IBM,243.24,1
2025.05.02D13:30:02.878217216,IBM,243.24,1
2025.05.02D13:30:02.885082624,IBM,243.7,1
2025.05.02D13:30:02.919680000,IBM,243.7,1
2025.05.02D13:30:02.972482816,IBM,243.7,1
2025.05.02D13:30:02.975917056,IBM,243.24,1
2025.05.02D13:30:02.975929088,IBM,243.24,1
2025.05.02D13:30:02.977408512,IBM,243.24,1
2025.05.02D13:30:02.986483968,IBM,242.48,1
2025.05.02D13:30:02.986523392,IBM,242.48,1
2025.05.02D13:30:02.986526208,IBM,242.48,1
2025.05.02D13:30:02.988643328,IBM,242.48,1
2025.05.02D13:30:02.988688384,IBM,243.24,1
2025.05.02D13:30:03.003591936,IBM,243.7,1
2025.05.02D13:30:03.163780352,IBM,243.24,1
2025.05.02D13:30:03.180590336,IBM,243.7,1
2025.05.02D13:30:03.230797824,IBM,243.7,1
2025.05.02D13:30:03.232370688,IBM,243.7,1
2025.05.02D13:30:03.260959744,IBM,243.7,1
2025.05.02D13:30:03.261885952,IBM,243.7,1
2025.05.02D13:30:03.262781952,IBM,243.7,1
2025.05.02D13:30:03.263681280,IBM,243.7,1
2025.05.02D13:30:03.263981824,IBM,243.7,1
2025.05.02D13:30:03.264784640,IBM,243.7,1
2025.05.02D13:30:03.266104832,IBM,243.7,1
2025.05.02D13:30:03.376026112,IBM,243.7,1
2025.05.02D13:30:03.433988864,IBM,243.7,1
2025.05.02D13:30:03.462289408,IBM,243.7,1
2025.05.02D13:30:03.480242176,IBM,243.7,1
2025.05.02D13:30:03.507420928,IBM,243.7,1
2025.05.02D13:30:03.810831360,IBM,243.7,1
2025.05.02D13:30:03.827969280,IBM,242.18,1
2025.05.02D13:30:03.828035328,IBM,242.18,1
2025.05.02D13:30:03.828155648,IBM,242.18,1
2025.05.02D13:30:03.828182528,IBM,242.18,1
2025.05.02D13:30:03.828191744,IBM,242.18,1
2025.05.02D13:30:03.885174528,IBM,243.7,1
2025.05.02D13:30:03.890791680,IBM,243.7,1
2025.05.02D13:30:04.203145728,IBM,242.955,1
2025.05.02D13:30:04.644250880,IBM,242.6,10
2025.05.02D13:30:04.676000512,IBM,242.7099,1
2025.05.02D13:30:04.745336576,IBM,243.6452,4
2025.05.02D13:30:04.748713728,IBM,243.6452,1
2025.05.02D13:30:04.764991488,IBM,242.865,1
2025.05.02D13:30:04.822831104,IBM,242.6,1
2025.05.02D13:30:04.931407616,IBM,243.7,1
2025.05.02D13:30:04.931660288,IBM,243.7,1
2025.05.02D13:30:05.344907008,IBM,242.86,1
2025.05.02D13:30:05.394254592,IBM,242.865,37
2025.05.02D13:30:05.420717568,IBM,242.865,1
2025.05.02D13:30:05.476692992,IBM,243.0525,2
2025.05.02D13:30:05.595274240,IBM,243.7,1
2025.05.02D13:30:05.710448384,IBM,242.865,1
2025.05.02D13:30:05.710992640,IBM,242.865,2
2025.05.02D13:30:05.715659776,IBM,242.4811,1
2025.05.02D13:30:05.725303808,IBM,242.865,1
2025.05.02D13:30:05.752786176,IBM,242.865,1
2025.05.02D13:30:06.272624896,IBM,242.74,1
2025.05.02D13:30:06.301232128,IBM,242.65,2
2025.05.02D13:30:06.507851008,IBM,242.865,4
2025.05.02D13:30:06.612834048,IBM,242.62,9
2025.05.02D13:30:07.255812864,IBM,243.7,1
2025.05.02D13:30:07.272382464,IBM,242.63,4
2025.05.02D13:30:07.282913536,IBM,242.6,3
2025.05.02D13:30:07.299155200,IBM,242.865,100
2025.05.02D13:30:07.304102144,IBM,242.865,100
2025.05.02D13:30:07.312266240,IBM,242.865,100
2025.05.02D13:30:07.551004928,IBM,242.56,30
2025.05.02D13:30:07.848720128,IBM,242.865,100
2025.05.02D13:30:07.954066944,IBM,242.865,1
2025.05.02D13:30:07.990083584,IBM,242.84,12
2025.05.02D13:30:07.990110720,IBM,242.85,5
2025.05.02D13:30:07.992793088,IBM,242.85,12
2025.05.02D13:30:07.993899776,IBM,242.86,5
2025.05.02D13:30:08.018044160,IBM,242.86,9
2025.05.02D13:30:08.107410944,IBM,242.865,10
2025.05.02D13:30:08.155498496,IBM,243.2388,1
2025.05.02D13:30:08.913534464,IBM,242.52,1
2025.05.02D13:30:09.508378112,IBM,243.2388,1
2025.05.02D13:30:09.680664576,IBM,242.865,1
2025.05.02D13:30:09.721300224,IBM,242.865,1
2025.05.02D13:30:09.961750016,IBM,242.68,5
2025.05.02D13:30:09.961750016,IBM,242.68,3
2025.05.02D13:30:09.961782784,IBM,242.71,15
2025.05.02D13:30:09.961827840,IBM,242.56,14
2025.05.02D13:30:09.962074624,IBM,242.67,5
2025.05.02D13:30:09.962077440,IBM,242.67,2
2025.05.02D13:30:09.977188608,IBM,242.865,100
2025.05.02D13:30:09.981169920,IBM,242.865,100
2025.05.02D13:30:10.048313856,IBM,242.85,5
2025.05.02D13:30:10.048313856,IBM,242.85,12
2025.05.02D13:30:10.048316928,IBM,242.92,5
2025.05.02D13:30:10.048356352,IBM,242.82,5
2025.05.02D13:30:10.048356352,IBM,242.88,12
2025.05.02D13:30:10.048906240,IBM,242.88,12
2025.05.02D13:30:10.048930560,IBM,242.8825,50
2025.05.02D13:30:10.051366144,IBM,242.865,5
2025.05.02D13:30:10.331901184,IBM,242.865,16
2025.05.02D13:30:10.337193984,IBM,242.865,584
2025.05.02D13:30:10.337392384,IBM,242.865,16
2025.05.02D13:30:10.760331264,IBM,242.865,5
2025.05.02D13:30:10.775661568,IBM,242.865,12
2025.05.02D13:30:10.783570432,IBM,242.865,100
2025.05.02D13:30:12.210979840,IBM,242.865,100
2025.05.02D13:30:13.029176832,IBM,242.865,1
2025.05.02D13:30:13.293686784,IBM,242.49,1
2025.05.02D13:30:13.648784640,IBM,242.865,100
2025.05.02D13:30:14.512294400,IBM,242.74,12
2025.05.02D13:30:14.512294400,IBM,242.68,5
2025.05.02D13:30:14.512296960,IBM,242.63,4
2025.05.02D13:30:14.513415680,IBM,242.86,100
2025.05.02D13:30:14.513427712,IBM,242.86,100
2025.05.02D13:30:14.513502976,IBM,242.86,100
2025.05.02D13:30:14.513659136,IBM,242.86,100
2025.05.02D13:30:14.916850432,IBM,243.071,1
2025.05.02D13:30:14.978722560,IBM,242.86,1
2025.05.02D13:30:14.980319488,IBM,242.86,5
2025.05.02D13:30:14.980394752,IBM,242.86,5
2025.05.02D13:30:15.634590464,IBM,242.86,100
2025.05.02D13:30:16.077072896,IBM,242.86,1
2025.05.02D13:30:16.705819136,IBM,242.86,100
2025.05.02D13:30:16.725552128,IBM,242.86,100
2025.05.02D13:30:16.788690432,IBM,242.86,100
2025.05.02D13:30:16.788816896,IBM,242.86,100
2025.05.02D13:30:17.905185792,IBM,243.1617,21
2025.05.02D13:30:18.281934848,IBM,242.49,1
2025.05.02D13:30:18.737510400,IBM,242.6,1
2025.05.02D13:30:19.318337536,IBM,242.86,100
2025.05.02D13:30:19.390509312,IBM,242.86,100
2025.05.02D13:30:19.396021504,IBM,242.86,100
2025.05.02D13:30:19.397362432,IBM,242.86,50
2025.05.02D13:30:19.397591040,IBM,242.86,100
2025.05.02D13:30:19.566824960,IBM,242.86,100
2025.05.02D13:30:20.683507456,IBM,242.86,1
2025.05.02D13:30:20.970471936,IBM,242.86,100
2025.05.02D13:30:20.971834112,IBM,242.86,100
2025.05.02D13:30:20.973000960,IBM,242.86,55
2025.05.02D13:30:21.410726144,IBM,242.86,10
2025.05.02D13:30:21.638326016,IBM,242.86,2
2025.05.02D13:30:21.706817024,IBM,242.86,58
2025.05.02D13:30:21.909617152,IBM,242.725,21
2025.05.02D13:30:21.918734848,IBM,242.7249,70
2025.05.02D13:30:21.926998528,IBM,242.725,65
2025.05.02D13:30:22.931182592,IBM,243.045,1
2025.05.02D13:30:23.352308480,IBM,242.86,33
2025.05.02D13:30:24.926721792,IBM,243.082,1
2025.05.02D13:30:26.323133440,IBM,242.86,5
2025.05.02D13:30:27.040976384,IBM,242.86,100
2025.05.02D13:30:28.763113472,IBM,243.03,2
2025.05.02D13:30:28.763738880,IBM,243.12,2
2025.05.02D13:30:28.938271232,IBM,242.971,5
2025.05.02D13:30:28.945656832,IBM,242.638,1
2025.05.02D13:30:30.022115584,IBM,242.7416,1
2025.05.02D13:30:31.450543616,IBM,242.86,135
2025.05.02D13:30:32.116133376,IBM,243.19,1
2025.05.02D13:30:32.585933056,IBM,242.855,5
2025.05.02D13:30:36.587294720,IBM,242.855,98
2025.05.02D13:30:36.655244288,IBM,243.7,1
2025.05.02D13:30:37.028931840,IBM,243.7,1
2025.05.02D13:30:37.170112000,IBM,243.7,1
2025.05.02D13:30:38.200500224,IBM,243.076,1
2025.05.02D13:30:38.225255168,IBM,242.5072,11
2025.05.02D13:30:40.839250944,IBM,242.5,1
2025.05.02D13:30:40.889316864,IBM,243.2184,1
2025.05.02D13:30:42.253464832,IBM,243.7,1
2025.05.02D13:30:42.923478272,IBM,242.83,100
2025.05.02D13:30:43.418408704,IBM,242.86,1
2025.05.02D13:30:44.933681152,IBM,242.89,12
2025.05.02D13:30:44.933702144,IBM,242.89,12
2025.05.02D13:30:44.933741312,IBM,242.89,12
2025.05.02D13:30:44.933756160,IBM,242.86,1
2025.05.02D13:30:44.933759232,IBM,242.86,100
2025.05.02D13:30:44.933780224,IBM,242.91,48
2025.05.02D13:30:44.933783296,IBM,242.9,10
2025.05.02D13:30:44.933822464,IBM,242.91,12
2025.05.02D13:30:44.933834496,IBM,242.91,31
2025.05.02D13:30:44.935383040,IBM,242.87,100
2025.05.02D13:30:44.935407104,IBM,243,3
2025.05.02D13:30:44.936023552,IBM,243.03,7
2025.05.02D13:30:44.936053760,IBM,242.87,100
2025.05.02D13:30:45.009978624,IBM,242.87,1
2025.05.02D13:30:45.468303104,IBM,243.04,1
2025.05.02D13:30:45.482857728,IBM,243.04,100
2025.05.02D13:30:45.873364480,IBM,243.04,10
2025.05.02D13:30:46.163342080,IBM,243.142,1
2025.05.02D13:30:48.856961024,IBM,243.04,1
2025.05.02D13:30:49.496087552,IBM,243.04,100
2025.05.02D13:30:51.429545216,IBM,243.2066,1
2025.05.02D13:30:52.195138048,IBM,243.142,1
2025.05.02D13:30:53.559655168,IBM,243.04,10
2025.05.02D13:30:53.603096576,IBM,243.04,25
2025.05.02D13:30:53.718060544,IBM,242.887,75
2025.05.02D13:30:54.090620672,IBM,242.9084,5
2025.05.02D13:30:54.413686272,IBM,243.19,1
2025.05.02D13:30:55.700627200,IBM,242.8734,19
2025.05.02D13:30:57.654753024,IBM,243.19,1
2025.05.02D13:30:58.050501376,IBM,243.2,20
2025.05.02D13:30:58.050537472,IBM,243.22,5
2025.05.02D13:30:58.050576640,IBM,243.19,5
2025.05.02D13:30:58.050582784,IBM,243.19,3
2025.05.02D13:30:58.050582784,IBM,243.21,100
2025.05.02D13:30:58.050636800,IBM,243.22,100
2025.05.02D13:30:58.050645760,IBM,243.22,13
2025.05.02D13:30:58.050654720,IBM,243.23,100
2025.05.02D13:30:58.050682112,IBM,243.22,56
2025.05.02D13:30:58.050702848,IBM,243.22,15
2025.05.02D13:30:58.050763008,IBM,243.22,16
2025.05.02D13:30:58.050982656,IBM,243.24,100
2025.05.02D13:30:58.051154432,IBM,243.28,10
2025.05.02D13:30:58.060620544,IBM,243.22,100
2025.05.02D13:30:58.186355712,IBM,243.18,100
2025.05.02D13:30:58.186361856,IBM,243.18,100
2025.05.02D13:30:58.186437120,IBM,243.18,100
2025.05.02D13:30:58.186764800,IBM,243.18,100
2025.05.02D13:30:58.187694080,IBM,243.18,74
2025.05.02D13:30:58.399716608,IBM,243.48,2
2025.05.02D13:30:58.717579520,IBM,243.4788,1
2025.05.02D13:30:58.946523392,IBM,243.19,4
2025.05.02D13:31:00.169583616,IBM,243.3,5
2025.05.02D13:31:00.169589760,IBM,243.35,12
2025.05.02D13:31:00.169592832,IBM,243.36,5
2025.05.02D13:31:00.169604608,IBM,243.38,5
2025.05.02D13:31:00.169613824,IBM,243.43,12
2025.05.02D13:31:00.169613824,IBM,243.45,5
2025.05.02D13:31:00.169616896,IBM,243.47,56
2025.05.02D13:31:00.170720512,IBM,243.27,100
2025.05.02D13:31:00.170723328,IBM,243.27,100
2025.05.02D13:31:00.170795520,IBM,243.29,100
2025.05.02D13:31:00.170810624,IBM,243.29,100
2025.05.02D13:31:00.170867712,IBM,243.29,100
2025.05.02D13:31:00.778046464,IBM,242.9,1
2025.05.02D13:31:01.783632384,IBM,243.195,25
2025.05.02D13:31:02.117607680,IBM,243.195,16
2025.05.02D13:31:02.662856960,IBM,243.1124,100
2025.05.02D13:31:02.838950400,IBM,243.42,143
2025.05.02D13:31:04.580457472,IBM,243.372,1
2025.05.02D13:31:04.665388800,IBM,243.195,15
2025.05.02D13:31:05.154470144,IBM,243.4302,1
2025.05.02D13:31:05.427038976,IBM,243.195,1
2025.05.02D13:31:05.562920448,IBM,243.4888,1
2025.05.02D13:31:08.073804288,IBM,243.29,100
2025.05.02D13:31:08.073861120,IBM,243.49,100
2025.05.02D13:31:08.073867264,IBM,243.29,100
2025.05.02D13:31:08.831257088,IBM,243.29,100
2025.05.02D13:31:08.831266304,IBM,243.48,63
2025.05.02D13:31:08.831268864,IBM,243.29,100
2025.05.02D13:31:08.831314176,IBM,243.48,237
2025.05.02D13:31:08.831335168,IBM,243.29,100
2025.05.02D13:31:08.831479552,IBM,243.5,100
2025.05.02D13:31:08.831512576,IBM,243.47,3
2025.05.02D13:31:08.831557632,IBM,243.48,3
2025.05.02D13:31:08.831783168,IBM,243.42,4
2025.05.02D13:31:08.832318464,IBM,243.23,5
2025.05.02D13:31:08.832366848,IBM,243.23,6
2025.05.02D13:31:08.838651392,IBM,243.45,100
2025.05.02D13:31:08.932604416,IBM,243.5293,15
2025.05.02D13:31:09.077023232,IBM,243.19,400
2025.05.02D13:31:09.077125376,IBM,243.38,12
2025.05.02D13:31:09.077128448,IBM,243.37,12
2025.05.02D13:31:09.077128448,IBM,243.37,5
2025.05.02D13:31:09.077209600,IBM,243.39,5
2025.05.02D13:31:09.077212672,IBM,243.36,12
2025.05.02D13:31:09.077516288,IBM,243.38,12
2025.05.02D13:31:09.269778944,IBM,243.39,100
2025.05.02D13:31:09.271901952,IBM,243.39,12
2025.05.02D13:31:09.271965184,IBM,243.39,12
2025.05.02D13:31:09.272031232,IBM,243.39,5
2025.05.02D13:31:12.295438336,IBM,243.405,100
2025.05.02D13:31:12.295513600,IBM,243.405,100
2025.05.02D13:31:12.295516672,IBM,243.405,100
2025.05.02D13:31:12.332790272,IBM,243.405,1
2025.05.02D13:31:12.644359424,IBM,243.405,100
2025.05.02D13:31:16.083526656,IBM,243.5,4
2025.05.02D13:31:16.083676928,IBM,243.52,1
2025.05.02D13:31:16.083721984,IBM,243.53,31
2025.05.02D13:31:16.085409024,IBM,243.62,10
2025.05.02D13:31:16.123897856,IBM,243.57,1
2025.05.02D13:31:16.843400448,IBM,243.48,17
2025.05.02D13:31:17.002506240,IBM,243.57,1
2025.05.02D13:31:17.128395008,IBM,243.46,37
2025.05.02D13:31:18.186346752,IBM,243.6961,8
2025.05.02D13:31:18.186743552,IBM,243.6961,1
2025.05.02D13:31:19.035220224,IBM,243.5757,1
2025.05.02D13:31:19.755802368,IBM,243.62,100
2025.05.02D13:31:19.755820288,IBM,243.62,15
2025.05.02D13:31:19.756728576,IBM,243.57,8
2025.05.02D13:31:21.339799040,IBM,243.8088,1
2025.05.02D13:31:21.911039488,IBM,243.5,1
2025.05.02D13:31:22.721992192,IBM,243.686,1
2025.05.02D13:31:22.819207680,IBM,243.5,6
2025.05.02D13:31:22.819228928,IBM,243.19,4
2025.05.02D13:31:23.035777536,IBM,243.6023,1
2025.05.02D13:31:24.747333376,IBM,243.5,1
2025.05.02D13:31:25.987354112,IBM,243.7467,100
2025.05.02D13:31:26.791583232,IBM,243.39,1
2025.05.02D13:31:27.019568128,IBM,243.75,2
2025.05.02D13:31:27.385028352,IBM,243.75,1
2025.05.02D13:31:27.536505088,IBM,243.5,5
2025.05.02D13:31:27.828623616,IBM,243.5,1
2025.05.02D13:31:33.661920256,IBM,243.5,1
2025.05.02D13:31:37.852777216,IBM,243.19,500
2025.05.02D13:31:37.889470720,IBM,243.68,100
2025.05.02D13:31:39.000535808,IBM,243.34,1
2025.05.02D13:31:39.252364544,IBM,243.7388,1
2025.05.02D13:31:39.718098432,IBM,243.1901,1
2025.05.02D13:31:39.921469440,IBM,243.1901,1
2025.05.02D13:31:40.328374528,IBM,243.67,4
2025.05.02D13:31:40.964801024,IBM,243.443,1
2025.05.02D13:31:41.148854272,IBM,243.465,20
2025.05.02D13:31:41.148869376,IBM,243.58,5
2025.05.02D13:31:41.148869376,IBM,243.72,12
2025.05.02D13:31:41.148872192,IBM,243.465,66
2025.05.02D13:31:41.148875264,IBM,243.74,588
2025.05.02D13:31:41.148878336,IBM,243.465,20
2025.05.02D13:31:41.148878336,IBM,243.465,9
2025.05.02D13:31:41.148938496,IBM,243.74,12
2025.05.02D13:31:41.149004544,IBM,243.59,5
2025.05.02D13:31:41.149266176,IBM,243.7,12
2025.05.02D13:31:41.149296384,IBM,243.73,13
2025.05.02D13:31:41.149308416,IBM,243.76,1
2025.05.02D13:31:41.149353472,IBM,243.72,3
2025.05.02D13:31:41.149365504,IBM,243.72,3
2025.05.02D13:31:41.149368576,IBM,243.73,37
2025.05.02D13:31:41.149422592,IBM,243.77,13
2025.05.02D13:31:41.149482752,IBM,243.74,3
2025.05.02D13:31:41.149536768,IBM,243.81,86
2025.05.02D13:31:41.149582080,IBM,243.81,84
2025.05.02D13:31:41.149678336,IBM,243.84,17
2025.05.02D13:31:41.149849600,IBM,243.73,100
2025.05.02D13:31:41.149876736,IBM,243.51,275
2025.05.02D13:31:41.732883712,IBM,243.6981,3
2025.05.02D13:31:42.112221952,IBM,243.675,163
2025.05.02D13:31:42.158613504,IBM,243.8399,1
2025.05.02D13:31:42.852125184,IBM,243.79,5
2025.05.02D13:31:42.852128000,IBM,243.84,17
2025.05.02D13:31:42.852173312,IBM,243.84,91
2025.05.02D13:31:42.852675584,IBM,243.78,3
2025.05.02D13:31:42.852723712,IBM,243.84,3
2025.05.02D13:31:45.884005120,IBM,243.705,100
2025.05.02D13:31:46.176325120,IBM,243.8999,1
2025.05.02D13:31:46.564994816,IBM,243.88,1
2025.05.02D13:31:47.685369856,IBM,243.5112,1
2025.05.02D13:31:48.630550016,IBM,243.88,1
2025.05.02D13:31:49.026785024,IBM,243.6504,3
2025.05.02D13:31:49.224974848,IBM,243.88,50
2025.05.02D13:31:49.225104128,IBM,243.9,105
2025.05.02D13:31:49.225534208,IBM,243.98,1
2025.05.02D13:31:49.225537280,IBM,244,1509
2025.05.02D13:31:49.225540608,IBM,244,1
2025.05.02D13:31:49.225540608,IBM,244,2
2025.05.02D13:31:49.225543168,IBM,244,1
2025.05.02D13:31:49.225546240,IBM,244,1
2025.05.02D13:31:49.225546240,IBM,244,20
2025.05.02D13:31:49.225549056,IBM,244,10
2025.05.02D13:31:49.225552128,IBM,244,100
2025.05.02D13:31:49.225552128,IBM,244,10
2025.05.02D13:31:49.225558272,IBM,243.9,3
2025.05.02D13:31:49.225585152,IBM,244,1
2025.05.02D13:31:49.225591552,IBM,244,40
2025.05.02D13:31:49.225591552,IBM,244,1
2025.05.02D13:31:49.225600256,IBM,244,20
2025.05.02D13:31:49.225609216,IBM,244,98
2025.05.02D13:31:49.225609216,IBM,244,50
2025.05.02D13:31:49.225690624,IBM,244.01,10
2025.05.02D13:31:49.225813760,IBM,244,35
2025.05.02D13:31:49.226003200,IBM,244,1
2025.05.02D13:31:49.226141696,IBM,243.88,88
2025.05.02D13:31:49.226406144,IBM,244,1
2025.05.02D13:31:49.226433280,IBM,244,15
2025.05.02D13:31:49.226457344,IBM,244,90
2025.05.02D13:31:49.226481408,IBM,244.17,100
2025.05.02D13:31:49.226526464,IBM,244.14,7
2025.05.02D13:31:49.226529536,IBM,244.17,3
2025.05.02D13:31:49.226550528,IBM,244.17,97
2025.05.02D13:31:49.226562560,IBM,244.16,1
2025.05.02D13:31:49.226565632,IBM,244.16,1
2025.05.02D13:31:49.226568960,IBM,244.18,3
2025.05.02D13:31:49.226568960,IBM,244.18,8
2025.05.02D13:31:49.226875392,IBM,244.14,1
2025.05.02D13:31:49.227164160,IBM,244.18,1
2025.05.02D13:31:49.227218176,IBM,244.2,8
2025.05.02D13:31:49.232679168,IBM,244.06,9
2025.05.02D13:31:49.234375168,IBM,243.8,100
2025.05.02D13:31:49.240576000,IBM,244.06,1
2025.05.02D13:31:49.241036032,IBM,244.06,1
2025.05.02D13:31:49.242620928,IBM,244.06,11
2025.05.02D13:31:49.242665984,IBM,244.06,5
2025.05.02D13:31:49.242711040,IBM,244.06,12
2025.05.02D13:31:49.243198208,IBM,244.17,12
2025.05.02D13:31:49.243980032,IBM,244.09,5
2025.05.02D13:31:49.244130560,IBM,244.08,12
2025.05.02D13:31:49.244299008,IBM,244.06,100
2025.05.02D13:31:49.251476992,IBM,244.055,50
2025.05.02D13:31:49.252006144,IBM,244.055,50
2025.05.02D13:31:49.278658560,IBM,244.1605,7
2025.05.02D13:31:49.280583168,IBM,244.24,1
2025.05.02D13:31:49.342648064,IBM,244,1
2025.05.02D13:31:49.366958080,IBM,244.2143,10
2025.05.02D13:31:49.402352384,IBM,244.02,5
2025.05.02D13:31:49.533314304,IBM,244.2,83
2025.05.02D13:31:49.533437952,IBM,243.97,100
2025.05.02D13:31:49.533437952,IBM,243.9,1
2025.05.02D13:31:49.533497856,IBM,244.02,100
2025.05.02D13:31:49.533545984,IBM,244.02,100
2025.05.02D13:31:49.533584896,IBM,244.02,100
2025.05.02D13:31:49.533624064,IBM,243.97,100
2025.05.02D13:31:49.533897728,IBM,243.93,28
2025.05.02D13:31:49.534002944,IBM,243.95,1
2025.05.02D13:31:49.546380544,IBM,243.98,5
2025.05.02D13:31:49.546443520,IBM,243.98,12
2025.05.02D13:31:49.546509824,IBM,243.98,12
2025.05.02D13:31:50.838183936,IBM,243.7512,1
2025.05.02D13:31:51.549298944,IBM,243.98,99
2025.05.02D13:31:51.553090816,IBM,243.98,12
2025.05.02D13:31:52.524873984,IBM,243.83,12
2025.05.02D13:31:52.524891904,IBM,243.81,12
2025.05.02D13:31:52.524891904,IBM,243.8,3
2025.05.02D13:31:52.524928000,IBM,243.8,7
2025.05.02D13:31:52.524958208,IBM,243.8,12
2025.05.02D13:31:52.525195776,IBM,243.83,3
2025.05.02D13:31:52.525201664,IBM,243.83,2
2025.05.02D13:31:52.525207808,IBM,243.82,1
2025.05.02D13:31:52.525307136,IBM,243.8,3
2025.05.02D13:31:52.525309952,IBM,243.75,1
2025.05.02D13:31:52.525309952,IBM,243.75,5
2025.05.02D13:31:52.525339904,IBM,243.76,30
2025.05.02D13:31:52.525343488,IBM,243.75,100
2025.05.02D13:31:52.525343488,IBM,243.75,1
2025.05.02D13:31:52.525349120,IBM,243.75,1
2025.05.02D13:31:52.525352192,IBM,243.75,1
2025.05.02D13:31:52.525373184,IBM,243.75,1
2025.05.02D13:31:52.525388288,IBM,243.84,2
2025.05.02D13:31:52.525397248,IBM,243.75,3
2025.05.02D13:31:52.525403136,IBM,243.75,30
2025.05.02D13:31:52.525424384,IBM,243.75,3
2025.05.02D13:31:52.525601792,IBM,243.76,30
2025.05.02D13:31:52.525604608,IBM,243.75,12
2025.05.02D13:31:52.525628672,IBM,243.75,64
2025.05.02D13:31:52.525655808,IBM,243.75,24
2025.05.02D13:31:52.525658880,IBM,243.75,15
2025.05.02D13:31:52.525661952,IBM,243.75,7
2025.05.02D13:31:52.525812224,IBM,243.84,2
2025.05.02D13:31:52.526317312,IBM,243.75,100
2025.05.02D13:31:52.526320640,IBM,243.8,100
2025.05.02D13:31:52.542435840,IBM,243.73,12
2025.05.02D13:31:52.542501888,IBM,243.73,5
2025.05.02D13:31:52.546588672,IBM,243.73,12
2025.05.02D13:31:54.917644800,IBM,243.7799,15
2025.05.02D13:31:55.072212992,IBM,243.73,100
2025.05.02D13:31:55.072221952,IBM,243.73,100
2025.05.02D13:31:56.593406208,IBM,243.7138,2
2025.05.02D13:31:57.551787776,IBM,243.5332,7
2025.05.02D13:31:57.999707648,IBM,243.94,25
2025.05.02D13:31:58.229857792,IBM,243.5332,1
2025.05.02D13:31:59.126153984,IBM,243.9198,1
2025.05.02D13:31:59.691467520,IBM,243.5155,1
2025.05.02D13:31:59.834091008,IBM,243.8569,2
2025.05.02D13:32:00.080762624,IBM,243.85,12
2025.05.02D13:32:01.659620352,IBM,243.94,2
2025.05.02D13:32:02.431913472,IBM,243.75,6
2025.05.02D13:32:02.432716288,IBM,243.83,40
2025.05.02D13:32:02.433043968,IBM,243.87,50
2025.05.02D13:32:02.978512896,IBM,243.94,122
2025.05.02D13:32:02.979258624,IBM,243.47,122
2025.05.02D13:32:02.988899840,IBM,243.7085,1
2025.05.02D13:32:02.993990912,IBM,243.7085,1
2025.05.02D13:32:03.250898944,IBM,243.91,4
2025.05.02D13:32:03.384446720,IBM,243.735,1
2025.05.02D13:32:03.695387136,IBM,243.4701,1
2025.05.02D13:32:04.016765440,IBM,243.6608,400
2025.05.02D13:32:04.095523072,IBM,243.89,5
2025.05.02D13:32:04.239376640,IBM,243.91,60
2025.05.02D13:32:04.296762368,IBM,243.91,13
2025.05.02D13:32:04.297039104,IBM,243.91,1
2025.05.02D13:32:05.108993024,IBM,243.735,54
2025.05.02D13:32:05.109302784,IBM,243.735,46
2025.05.02D13:32:05.638127360,IBM,243.73,100
2025.05.02D13:32:06.154811904,IBM,243.93,3
2025.05.02D13:32:06.155088640,IBM,243.92,1
2025.05.02D13:32:06.910105344,IBM,243.932,10
2025.05.02D13:32:07.452774144,IBM,243.735,2
2025.05.02D13:32:09.239527168,IBM,243.7615,10
2025.05.02D13:32:09.276749824,IBM,243.94,1
2025.05.02D13:32:10.574534400,IBM,243.85,12
2025.05.02D13:32:10.574537216,IBM,243.84,5
2025.05.02D13:32:10.574618368,IBM,243.82,5
2025.05.02D13:32:10.574618368,IBM,243.74,95
2025.05.02D13:32:10.574624768,IBM,243.74,100
2025.05.02D13:32:10.574624768,IBM,243.79,5
2025.05.02D13:32:10.574627584,IBM,243.76,12
2025.05.02D13:32:10.574630400,IBM,243.74,83
2025.05.02D13:32:10.574636544,IBM,243.74,17
2025.05.02D13:32:10.574636544,IBM,243.74,100
2025.05.02D13:32:10.574699520,IBM,243.74,100
2025.05.02D13:32:10.574702592,IBM,243.74,100
2025.05.02D13:32:10.574708480,IBM,243.74,100
2025.05.02D13:32:10.574711552,IBM,243.74,100
2025.05.02D13:32:10.574732800,IBM,243.74,5
2025.05.02D13:32:10.574771712,IBM,243.74,100
2025.05.02D13:32:10.574862080,IBM,243.83,5
2025.05.02D13:32:10.574979328,IBM,243.74,100
2025.05.02D13:32:10.575066368,IBM,243.74,100
2025.05.02D13:32:10.575069440,IBM,243.81,12
2025.05.02D13:32:10.575069440,IBM,243.74,2
2025.05.02D13:32:10.575072512,IBM,243.74,30
2025.05.02D13:32:10.575075584,IBM,243.74,56
2025.05.02D13:32:10.575087360,IBM,243.74,100
2025.05.02D13:32:10.575102464,IBM,243.74,100
2025.05.02D13:32:10.575102464,IBM,243.74,100
2025.05.02D13:32:10.575150592,IBM,243.74,100
2025.05.02D13:32:10.575156736,IBM,243.74,100
2025.05.02D13:32:10.575165696,IBM,243.74,100
2025.05.02D13:32:10.575210752,IBM,243.74,100
2025.05.02D13:32:10.575228928,IBM,243.68,100
2025.05.02D13:32:10.575231744,IBM,243.74,100
2025.05.02D13:32:10.575265024,IBM,243.74,44
2025.05.02D13:32:10.575265024,IBM,243.71,5
2025.05.02D13:32:10.575286016,IBM,243.74,100
2025.05.02D13:32:10.575457280,IBM,243.7,5
2025.05.02D13:32:10.575490560,IBM,243.715,50
2025.05.02D13:32:10.575595776,IBM,243.74,50
2025.05.02D13:32:10.575595776,IBM,243.74,6
2025.05.02D13:32:10.575601664,IBM,243.74,94
2025.05.02D13:32:10.575674112,IBM,243.71,50
2025.05.02D13:32:10.575980544,IBM,243.74,50
2025.05.02D13:32:10.579469056,IBM,243.74,12
2025.05.02D13:32:10.579772672,IBM,243.74,5
2025.05.02D13:32:10.579841792,IBM,243.74,5
2025.05.02D13:32:10.579913984,IBM,243.74,12
2025.05.02D13:32:10.580307968,IBM,243.74,5
2025.05.02D13:32:10.603168512,IBM,243.74,5
2025.05.02D13:32:10.604160768,IBM,243.73,50
2025.05.02D13:32:10.604253952,IBM,243.73,50
2025.05.02D13:32:10.605102080,IBM,243.74,50
2025.05.02D13:32:10.605556224,IBM,243.74,50
2025.05.02D13:32:10.605920000,IBM,243.74,50
2025.05.02D13:32:10.648401920,IBM,243.74,6
2025.05.02D13:32:10.648401920,IBM,243.74,6
2025.05.02D13:32:10.648411136,IBM,243.74,94
2025.05.02D13:32:10.648516352,IBM,243.74,100
2025.05.02D13:32:10.648519424,IBM,243.74,100
2025.05.02D13:32:10.648570368,IBM,243.74,100
2025.05.02D13:32:10.648979456,IBM,243.74,100
2025.05.02D13:32:11.019614976,IBM,243.92,32
2025.05.02D13:32:12.452042752,IBM,243.74,2
2025.05.02D13:32:12.452078848,IBM,243.74,1
2025.05.02D13:32:12.458691584,IBM,243.74,1
2025.05.02D13:32:13.138286336,IBM,243.6,60
2025.05.02D13:32:13.138376448,IBM,243.735,8
2025.05.02D13:32:13.138854656,IBM,243.67,100
2025.05.02D13:32:15.411318272,IBM,243.8006,500
2025.05.02D13:32:18.518782720,IBM,243.74,1
2025.05.02D13:32:20.569654528,IBM,243.9899,500
2025.05.02D13:32:20.978219264,IBM,243.735,100
2025.05.02D13:32:20.978480896,IBM,243.735,100
2025.05.02D13:32:21.339815424,IBM,243.9888,1
2025.05.02D13:32:21.339845376,IBM,243.4812,1
2025.05.02D13:32:23.319227136,IBM,243.74,400
2025.05.02D13:32:25.649701376,IBM,243.79,31
2025.05.02D13:32:25.649713408,IBM,243.74,1
2025.05.02D13:32:31.371129600,IBM,243.735,1
2025.05.02D13:32:31.375255296,IBM,243.94,40
2025.05.02D13:32:31.375324416,IBM,243.94,60
2025.05.02D13:32:31.982076160,IBM,243.96,90
2025.05.02D13:32:31.982076160,IBM,243.98,9
2025.05.02D13:32:31.982370816,IBM,243.96,1
2025.05.02D13:32:33.259809280,IBM,243.765,2
2025.05.02D13:32:33.259809280,IBM,243.765,6
2025.05.02D13:32:35.393970688,IBM,243.55,1
2025.05.02D13:32:35.623344640,IBM,243.9,20
2025.05.02D13:32:35.627602944,IBM,243.977,80
2025.05.02D13:32:38.201846272,IBM,243.78,100
2025.05.02D13:32:39.393121024,IBM,243.78,4
2025.05.02D13:32:40.492168704,IBM,243.64,10
2025.05.02D13:32:40.886579200,IBM,243.5612,1
2025.05.02D13:32:40.966434304,IBM,243.78,100
2025.05.02D13:32:40.984444160,IBM,243.76,100
2025.05.02D13:32:42.118955776,IBM,243.85,66
2025.05.02D13:32:42.128885248,IBM,243.8,100
2025.05.02D13:32:42.129661184,IBM,243.78,200
2025.05.02D13:32:42.148879872,IBM,243.85,134
2025.05.02D13:32:42.148934144,IBM,243.75,66
2025.05.02D13:32:42.288752128,IBM,243.78,10
2025.05.02D13:32:42.658780160,IBM,243.9999,20
2025.05.02D13:32:43.599649024,IBM,243.99,300
2025.05.02D13:32:43.876764928,IBM,243.68,1
2025.05.02D13:32:44.131796224,IBM,243.604,2
2025.05.02D13:32:44.774008320,IBM,243.92,1
2025.05.02D13:32:45.103490816,IBM,243.6,100
2025.05.02D13:32:45.823146752,IBM,243.99,1
2025.05.02D13:32:47.294015744,IBM,243.922,1
2025.05.02D13:32:48.668097536,IBM,243.81,100
2025.05.02D13:32:48.668169728,IBM,243.8,5
2025.05.02D13:32:48.668215040,IBM,243.8,3
2025.05.02D13:32:48.668674816,IBM,243.82,5
2025.05.02D13:32:49.697604864,IBM,243.74,1
2025.05.02D13:32:49.719978240,IBM,243.805,10
2025.05.02D13:32:49.719981312,IBM,243.76,15
2025.05.02D13:32:49.719984128,IBM,243.75,49
2025.05.02D13:32:49.720008448,IBM,243.75,59
2025.05.02D13:32:49.720011264,IBM,243.75,16
2025.05.02D13:32:49.720101632,IBM,243.75,35
2025.05.02D13:32:49.720104704,IBM,243.73,15
2025.05.02D13:32:49.720104704,IBM,243.73,1
2025.05.02D13:32:49.720113408,IBM,243.75,41
2025.05.02D13:32:49.720122624,IBM,243.73,23
2025.05.02D13:32:49.720128512,IBM,243.73,18
2025.05.02D13:32:49.720161536,IBM,243.73,13
2025.05.02D13:32:49.720176640,IBM,243.73,28
2025.05.02D13:32:50.046681856,IBM,243.805,7
2025.05.02D13:32:50.834344704,IBM,243.72,100
2025.05.02D13:32:51.857080576,IBM,243.7825,40
2025.05.02D13:32:53.658024192,IBM,243.9511,1
2025.05.02D13:32:53.723983360,IBM,243.61,1
2025.05.02D13:32:53.746569984,IBM,243.805,3
2025.05.02D13:32:54.161206528,IBM,243.8245,1
2025.05.02D13:32:54.895536896,IBM,243.805,10
2025.05.02D13:32:54.954679040,IBM,243.805,20
2025.05.02D13:32:54.954744832,IBM,243.805,10
2025.05.02D13:32:54.954811136,IBM,243.805,20
2025.05.02D13:32:54.954880256,IBM,243.805,10
2025.05.02D13:32:54.955328256,IBM,243.98,20
2025.05.02D13:32:54.955680256,IBM,243.98,10
2025.05.02D13:32:54.956034816,IBM,243.98,20
2025.05.02D13:32:54.956386816,IBM,243.98,10
2025.05.02D13:32:54.956549120,IBM,243.66,30
2025.05.02D13:32:54.957592576,IBM,243.98,30
2025.05.02D13:32:55.105343232,IBM,243.81,100
2025.05.02D13:32:55.115979520,IBM,243.81,100
2025.05.02D13:32:55.319651584,IBM,243.829,20
2025.05.02D13:32:56.720946944,IBM,243.64,25
2025.05.02D13:32:57.268971776,IBM,243.6212,1
2025.05.02D13:32:57.607223040,IBM,243.88,40
2025.05.02D13:32:57.607701248,IBM,243.8,60
2025.05.02D13:32:58.860341760,IBM,243.9888,1
2025.05.02D13:32:59.389798144,IBM,243.9888,1
2025.05.02D13:33:00.010746368,IBM,243.67,1
2025.05.02D13:33:01.001831680,IBM,243.835,50
2025.05.02D13:33:02.751984128,IBM,243.805,100
2025.05.02D13:33:02.752603648,IBM,243.7,12
2025.05.02D13:33:02.753671168,IBM,243.805,12
2025.05.02D13:33:02.756221184,IBM,243.69,88
2025.05.02D13:33:02.765570560,IBM,243.69,100
2025.05.02D13:33:02.766451456,IBM,243.69,100
2025.05.02D13:33:04.853986048,IBM,243.805,1
2025.05.02D13:33:06.271763712,IBM,243.69,1
2025.05.02D13:33:06.758054912,IBM,243.74,1
2025.05.02D13:33:06.842658304,IBM,243.8087,600
2025.05.02D13:33:07.082103296,IBM,243.9899,25
2025.05.02D13:33:07.604356864,IBM,243.8,1
2025.05.02D13:33:09.273923072,IBM,243.805,1
2025.05.02D13:33:09.779471616,IBM,243.8,4
2025.05.02D13:33:09.779543808,IBM,243.67,100
2025.05.02D13:33:09.779547136,IBM,243.65,12
2025.05.02D13:33:09.779547136,IBM,243.63,94
2025.05.02D13:33:09.787984896,IBM,243.66,1
2025.05.02D13:33:11.933627392,IBM,243.964,1
2025.05.02D13:33:12.177541120,IBM,243.64,50
2025.05.02D13:33:12.811652352,IBM,243.9527,4
2025.05.02D13:33:12.982449920,IBM,243.9551,10
2025.05.02D13:33:12.985703936,IBM,243.805,1
2025.05.02D13:33:13.186362880,IBM,243.8013,5
2025.05.02D13:33:13.685518592,IBM,243.805,2
2025.05.02D13:33:15.150610176,IBM,243.78,12
2025.05.02D13:33:16.087368192,IBM,243.8087,1
2025.05.02D13:33:18.429548800,IBM,243.94,100
2025.05.02D13:33:18.460612608,IBM,243.7532,1
2025.05.02D13:33:18.832992768,IBM,243.805,150
2025.05.02D13:33:19.040634368,IBM,243.6696,1
2025.05.02D13:33:19.043070208,IBM,243.97,100
2025.05.02D13:33:19.043172352,IBM,243.94,70
2025.05.02D13:33:19.332647936,IBM,243.9863,4
2025.05.02D13:33:19.468625920,IBM,243.9888,1
2025.05.02D13:33:20.266370816,IBM,243.99,100
2025.05.02D13:33:20.266373888,IBM,243.98,13
2025.05.02D13:33:20.266373888,IBM,244,60
2025.05.02D13:33:20.266379776,IBM,244,13
2025.05.02D13:33:20.266407168,IBM,243.98,70
2025.05.02D13:33:20.266412800,IBM,243.99,100
2025.05.02D13:33:20.266412800,IBM,244,30
2025.05.02D13:33:20.266424832,IBM,244,70
2025.05.02D13:33:20.266488064,IBM,244,127
2025.05.02D13:33:20.266713600,IBM,244.04,1
2025.05.02D13:33:20.266860800,IBM,243.98,1
2025.05.02D13:33:20.266863872,IBM,243.98,1
2025.05.02D13:33:20.266866944,IBM,243.98,8
2025.05.02D13:33:20.266869760,IBM,243.98,92
2025.05.02D13:33:20.266878976,IBM,244,100
2025.05.02D13:33:20.266932992,IBM,244.04,100
2025.05.02D13:33:20.266945024,IBM,243.98,1
2025.05.02D13:33:20.266960128,IBM,243.98,7
2025.05.02D13:33:20.266962944,IBM,243.99,1
2025.05.02D13:33:20.266969088,IBM,243.99,10
2025.05.02D13:33:20.267032320,IBM,244,71
2025.05.02D13:33:20.267035392,IBM,244,29
2025.05.02D13:33:20.267059456,IBM,243.99,29
2025.05.02D13:33:20.267077376,IBM,243.99,71
2025.05.02D13:33:20.267143424,IBM,244.05,100
2025.05.02D13:33:20.267194624,IBM,244.05,100
2025.05.02D13:33:20.267249152,IBM,243.99,5
2025.05.02D13:33:20.267290880,IBM,244,3
2025.05.02D13:33:20.267342080,IBM,243.99,97
2025.05.02D13:33:20.267522560,IBM,244.18,1
2025.05.02D13:33:20.267729920,IBM,243.98,100
2025.05.02D13:33:20.267889408,IBM,244,1
2025.05.02D13:33:20.268217088,IBM,244.02,100
2025.05.02D13:33:20.271281408,IBM,244.125,1
2025.05.02D13:33:20.283559680,IBM,244.02,1
2025.05.02D13:33:20.284091904,IBM,244.02,1
2025.05.02D13:33:20.284098048,IBM,244.02,1
2025.05.02D13:33:20.611089920,IBM,244,3
2025.05.02D13:33:20.611237376,IBM,243.94,1
2025.05.02D13:33:20.611637248,IBM,243.99,2
2025.05.02D13:33:20.793062400,IBM,243.88,94
2025.05.02D13:33:22.487264000,IBM,243.69,17
2025.05.02D13:33:24.645885440,IBM,244.14,1
2025.05.02D13:33:25.084521984,IBM,243.875,4
2025.05.02D13:33:25.141730304,IBM,243.83,1
2025.05.02D13:33:25.720708096,IBM,243.72,1
2025.05.02D13:33:26.070194176,IBM,243.8495,20
2025.05.02D13:33:27.092833280,IBM,244.0722,2
2025.05.02D13:33:28.334829568,IBM,243.875,1
2025.05.02D13:33:28.435981568,IBM,243.6212,1
2025.05.02D13:33:28.729143808,IBM,244.02,1
2025.05.02D13:33:28.823282944,IBM,243.6201,1
2025.05.02D13:33:29.482007808,IBM,244.1288,1
2025.05.02D13:33:29.662870272,IBM,244.02,1
2025.05.02D13:33:31.542592768,IBM,243.875,100
2025.05.02D13:33:33.540345856,IBM,243.79,12
2025.05.02D13:33:33.540439040,IBM,243.79,10
2025.05.02D13:33:33.540463104,IBM,243.79,2
2025.05.02D13:33:33.540475136,IBM,243.77,8
2025.05.02D13:33:33.540484096,IBM,243.77,100
2025.05.02D13:33:33.540493056,IBM,243.77,2
2025.05.02D13:33:33.540502016,IBM,243.77,8
2025.05.02D13:33:33.540526336,IBM,243.77,10
2025.05.02D13:33:33.540535296,IBM,243.77,10
2025.05.02D13:33:33.540541184,IBM,243.77,10
2025.05.02D13:33:33.540550400,IBM,243.77,10
2025.05.02D13:33:33.540580352,IBM,243.77,2
2025.05.02D13:33:33.540589312,IBM,243.77,10
2025.05.02D13:33:33.540736768,IBM,243.76,10
2025.05.02D13:33:33.540742912,IBM,243.75,10
2025.05.02D13:33:33.540953344,IBM,243.72,1
2025.05.02D13:33:33.541079552,IBM,243.72,1
2025.05.02D13:33:33.541226752,IBM,243.74,10
2025.05.02D13:33:33.541241856,IBM,243.73,10
2025.05.02D13:33:33.541650944,IBM,243.69,1
2025.05.02D13:33:33.541756160,IBM,243.69,1
2025.05.02D13:33:33.541948672,IBM,243.69,13
2025.05.02D13:33:33.542246400,IBM,243.69,1
2025.05.02D13:33:33.571226368,IBM,243.64,2
2025.05.02D13:33:33.571232256,IBM,243.62,3
2025.05.02D13:33:33.571241472,IBM,243.62,3
2025.05.02D13:33:33.571271424,IBM,243.62,27
2025.05.02D13:33:33.571280384,IBM,243.62,100
2025.05.02D13:33:33.571403776,IBM,243.62,200
2025.05.02D13:33:33.571445760,IBM,243.57,100
2025.05.02D13:33:33.571467008,IBM,243.56,12
2025.05.02D13:33:33.571508992,IBM,243.63,30
2025.05.02D13:33:33.571512064,IBM,243.62,100
2025.05.02D13:33:33.571512064,IBM,243.62,70
2025.05.02D13:33:33.571514880,IBM,243.62,30
2025.05.02D13:33:33.571560192,IBM,243.57,100
2025.05.02D13:33:33.571563264,IBM,243.57,100
2025.05.02D13:33:33.571563264,IBM,243.56,88
2025.05.02D13:33:33.571572224,IBM,243.56,100
2025.05.02D13:33:33.571650304,IBM,243.57,100
2025.05.02D13:33:33.571981056,IBM,243.58,20
2025.05.02D13:33:33.572170752,IBM,243.56,1
2025.05.02D13:33:33.572239616,IBM,243.46,1
2025.05.02D13:33:33.572516352,IBM,243.7462,24
2025.05.02D13:33:33.572753920,IBM,243.6077,22
2025.05.02D13:33:33.572760064,IBM,243.51,100
2025.05.02D13:33:33.572808192,IBM,243.51,100
2025.05.02D13:33:33.572817152,IBM,243.57,94
2025.05.02D13:33:33.573015552,IBM,243.56,31
2025.05.02D13:33:33.576248320,IBM,243.575,5
2025.05.02D13:33:33.579880960,IBM,243.65,100
2025.05.02D13:33:33.583579648,IBM,243.575,100
2025.05.02D13:33:33.627051264,IBM,243.575,10
2025.05.02D13:33:34.960167424,IBM,243.7866,8
2025.05.02D13:33:35.829744384,IBM,243.6,10
2025.05.02D13:33:36.397081344,IBM,243.485,25
2025.05.02D13:33:36.580109056,IBM,243.375,214
2025.05.02D13:33:37.255607552,IBM,243.38,100
2025.05.02D13:33:37.256079872,IBM,243.375,100
2025.05.02D13:33:37.256136960,IBM,243.375,100
2025.05.02D13:33:37.256645120,IBM,243.375,100
2025.05.02D13:33:37.263423232,IBM,243.375,100
2025.05.02D13:33:38.585265664,IBM,243.49,12
2025.05.02D13:33:38.585268992,IBM,243.52,12
2025.05.02D13:33:38.585271552,IBM,243.55,41
2025.05.02D13:33:38.585304832,IBM,243.46,12
2025.05.02D13:33:38.585307648,IBM,243.48,104
2025.05.02D13:33:38.585337856,IBM,243.48,12
2025.05.02D13:33:38.585340928,IBM,243.51,12
2025.05.02D13:33:38.585340928,IBM,243.54,5
2025.05.02D13:33:38.585346816,IBM,243.55,100
2025.05.02D13:33:38.585349888,IBM,243.6,64
2025.05.02D13:33:38.585863936,IBM,243.44,5
2025.05.02D13:33:38.585909248,IBM,243.44,12
2025.05.02D13:33:39.015990272,IBM,243.375,1
2025.05.02D13:33:40.447354368,IBM,243.452,4
2025.05.02D13:33:42.337761024,IBM,243.49,100
2025.05.02D13:33:42.488804608,IBM,243.65,1
2025.05.02D13:33:43.197772800,IBM,243.38,5
2025.05.02D13:33:43.197775616,IBM,243.35,6
2025.05.02D13:33:44.954015488,IBM,243.37,7
2025.05.02D13:33:45.567229440,IBM,243.375,100
2025.05.02D13:33:46.818060032,IBM,243.2375,1
2025.05.02D13:33:48.037268480,IBM,243.1,3
2025.05.02D13:33:48.184411904,IBM,243.5,2
2025.05.02D13:33:48.446621184,IBM,243.1012,1
2025.05.02D13:33:48.668375040,IBM,243.7764,49
2025.05.02D13:33:48.675733504,IBM,243.375,1
2025.05.02D13:33:49.431552000,IBM,243.375,100
2025.05.02D13:33:49.434667520,IBM,243.2,5
2025.05.02D13:33:50.886657792,IBM,243.2925,50
2025.05.02D13:33:51.080213760,IBM,243.1012,1
2025.05.02D13:33:51.419295488,IBM,243.5965,1
2025.05.02D13:33:51.421442560,IBM,243.37,12
2025.05.02D13:33:51.761197568,IBM,243.37,100
2025.05.02D13:33:52.310224384,IBM,243.505,1
2025.05.02D13:33:52.414323200,IBM,243.49,3
2025.05.02D13:33:53.199393792,IBM,243.6388,1
2025.05.02D13:33:53.900170496,IBM,243.37,100
2025.05.02D13:33:53.979938304,IBM,243.37,100
2025.05.02D13:33:53.991290368,IBM,243.13,100
2025.05.02D13:33:54.452038400,IBM,243.41,100
2025.05.02D13:33:54.452041472,IBM,243.41,100
2025.05.02D13:33:54.452056576,IBM,243.41,100
2025.05.02D13:33:55.164333056,IBM,243.387,2
2025.05.02D13:33:55.667337728,IBM,243.41,3
2025.05.02D13:33:55.841545472,IBM,243.1812,1
2025.05.02D13:33:56.150775040,IBM,243.38,40
2025.05.02D13:33:56.351692800,IBM,243.41,19
2025.05.02D13:33:56.413161984,IBM,243.4744,45
2025.05.02D13:33:56.414422016,IBM,243.4135,21
2025.05.02D13:33:56.423461376,IBM,243.606,8
2025.05.02D13:33:56.746779392,IBM,243.41,1
2025.05.02D13:33:56.970876160,IBM,243.6054,25
2025.05.02D13:33:57.936282112,IBM,243.6388,1
2025.05.02D13:33:57.936288000,IBM,243.1812,1
2025.05.02D13:33:59.928275456,IBM,243.21,100
2025.05.02D13:34:00.095329536,IBM,243.21,7
2025.05.02D13:34:00.110969600,IBM,243.21,1
2025.05.02D13:34:01.649602048,IBM,243.7,1
2025.05.02D13:34:02.634471424,IBM,243.4744,1
2025.05.02D13:34:02.874166016,IBM,243.41,1
2025.05.02D13:34:03.523953408,IBM,243.6024,50
2025.05.02D13:34:03.549420800,IBM,243.433,10
2025.05.02D13:34:04.294204416,IBM,243.1812,1
2025.05.02D13:34:05.255879680,IBM,243.405,1
2025.05.02D13:34:06.935005952,IBM,243.385,100
2025.05.02D13:34:06.939616000,IBM,243.6388,1
2025.05.02D13:34:06.939694336,IBM,243.6388,1
2025.05.02D13:34:07.112936960,IBM,243.21,1
2025.05.02D13:34:07.261376512,IBM,243.49,11
2025.05.02D13:34:07.261409792,IBM,243.57,98
2025.05.02D13:34:07.261463552,IBM,243.53,20
2025.05.02D13:34:07.261863680,IBM,243.59,30
2025.05.02D13:34:07.261866752,IBM,243.6,26
2025.05.02D13:34:07.261869568,IBM,243.6,69
2025.05.02D13:34:07.262669568,IBM,243.4316,21
2025.05.02D13:34:09.029661184,IBM,243.4156,214
2025.05.02D13:34:09.250822912,IBM,243.62,1
2025.05.02D13:34:10.108621568,IBM,243.6,70
2025.05.02D13:34:10.108693760,IBM,243.6,20
2025.05.02D13:34:10.109887744,IBM,243.5043,22
2025.05.02D13:34:10.112245248,IBM,243.64,100
2025.05.02D13:34:10.112882944,IBM,243.63,30
2025.05.02D13:34:10.112882944,IBM,243.64,170
2025.05.02D13:34:10.112885760,IBM,243.64,100
2025.05.02D13:34:10.112906752,IBM,243.64,100
2025.05.02D13:34:10.112975872,IBM,243.64,100
2025.05.02D13:34:10.112982016,IBM,243.65,100
2025.05.02D13:34:10.112985600,IBM,243.63,31
2025.05.02D13:34:10.112985600,IBM,243.64,27
2025.05.02D13:34:10.112994048,IBM,243.63,28
2025.05.02D13:34:10.113015040,IBM,243.63,31
2025.05.02D13:34:10.113024000,IBM,243.63,3
2025.05.02D13:34:10.113051136,IBM,243.63,7
2025.05.02D13:34:10.113051136,IBM,243.64,24
2025.05.02D13:34:10.113060096,IBM,243.64,3
2025.05.02D13:34:10.113072128,IBM,243.64,1
2025.05.02D13:34:10.113075456,IBM,243.64,3
2025.05.02D13:34:10.113075456,IBM,243.64,4
2025.05.02D13:34:10.113081088,IBM,243.64,1
2025.05.02D13:34:10.113084672,IBM,243.64,3
2025.05.02D13:34:10.113087232,IBM,243.64,4
2025.05.02D13:34:10.113093376,IBM,243.64,5
2025.05.02D13:34:10.113120256,IBM,243.65,3
2025.05.02D13:34:10.113153280,IBM,243.7,31
2025.05.02D13:34:10.113369856,IBM,243.63,31
2025.05.02D13:34:10.113442048,IBM,243.63,69
2025.05.02D13:34:10.113541376,IBM,243.64,4
2025.05.02D13:34:10.114007296,IBM,243.59,100
2025.05.02D13:34:10.114160640,IBM,243.6374,21
2025.05.02D13:34:10.114202880,IBM,243.64,1
2025.05.02D13:34:10.114563584,IBM,243.64,99
2025.05.02D13:34:10.114659840,IBM,243.74,100
2025.05.02D13:34:10.114855424,IBM,243.74,60
2025.05.02D13:34:10.114993664,IBM,243.73,100
2025.05.02D13:34:10.120526848,IBM,243.71,100
2025.05.02D13:34:10.120578048,IBM,243.71,100
2025.05.02D13:34:10.127151616,IBM,243.81,5
2025.05.02D13:34:10.127220736,IBM,243.81,1
2025.05.02D13:34:10.130348288,IBM,243.815,100
2025.05.02D13:34:10.136209152,IBM,243.815,1
2025.05.02D13:34:10.604297984,IBM,243.64,10
2025.05.02D13:34:12.562263552,IBM,243.9319,10
2025.05.02D13:34:12.871663872,IBM,243.517,42
2025.05.02D13:34:12.910327040,IBM,243.79,1
2025.05.02D13:34:13.763003904,IBM,243.2112,1
2025.05.02D13:34:13.913112320,IBM,243.517,1
2025.05.02D13:34:16.030852096,IBM,243.21,1
2025.05.02D13:34:16.342114304,IBM,243.2177,4
2025.05.02D13:34:17.120322304,IBM,243.88,20
2025.05.02D13:34:17.152066048,IBM,243.595,10
2025.05.02D13:34:18.221030656,IBM,243.92,100
2025.05.02D13:34:18.519792128,IBM,243.81,100
2025.05.02D13:34:18.520507648,IBM,243.81,4
2025.05.02D13:34:18.745744128,IBM,243.92,22
2025.05.02D13:34:18.914857472,IBM,243.98,22
2025.05.02D13:34:19.024164864,IBM,243.88,70
2025.05.02D13:34:19.024216064,IBM,243.97,30
2025.05.02D13:34:19.024218880,IBM,243.98,70
2025.05.02D13:34:19.024270080,IBM,243.98,30
2025.05.02D13:34:19.024312576,IBM,243.98,30
2025.05.02D13:34:19.024312576,IBM,243.98,40
2025.05.02D13:34:19.024393216,IBM,243.93,5
2025.05.02D13:34:19.024408320,IBM,243.87,20
2025.05.02D13:34:19.024411392,IBM,243.98,61
2025.05.02D13:34:19.024429312,IBM,243.98,20
2025.05.02D13:34:19.024429312,IBM,243.98,80
2025.05.02D13:34:19.024432384,IBM,243.98,20
2025.05.02D13:34:19.024459776,IBM,243.98,20
2025.05.02D13:34:19.024543744,IBM,243.98,30
2025.05.02D13:34:19.024772352,IBM,243.93,5
2025.05.02D13:34:19.024778240,IBM,243.97,200
2025.05.02D13:34:19.024796160,IBM,243.99,7
2025.05.02D13:34:19.024844288,IBM,243.93,5
2025.05.02D13:34:19.024859392,IBM,243.93,5
2025.05.02D13:34:19.024859392,IBM,243.99,293
2025.05.02D13:34:19.024922624,IBM,243.93,80
2025.05.02D13:34:19.024943616,IBM,243.99,5
2025.05.02D13:34:19.024943616,IBM,244,1
2025.05.02D13:34:19.024943616,IBM,244,1200
2025.05.02D13:34:19.024946688,IBM,243.99,5
2025.05.02D13:34:19.025054976,IBM,243.99,5
2025.05.02D13:34:19.025094144,IBM,243.99,5
2025.05.02D13:34:19.025277440,IBM,244,5
2025.05.02D13:34:19.025334528,IBM,244,1
2025.05.02D13:34:19.025704448,IBM,243.9586,23
2025.05.02D13:34:19.025888000,IBM,243.93,100
2025.05.02D13:34:19.026122496,IBM,243.9809,29
2025.05.02D13:34:19.026215680,IBM,243.9954,64
2025.05.02D13:34:19.053168896,IBM,243.93,1
2025.05.02D13:34:19.132371456,IBM,243.93,2
2025.05.02D13:34:19.328480512,IBM,243.93,5
2025.05.02D13:34:20.004619264,IBM,243.875,1
2025.05.02D13:34:20.087619840,IBM,243.83,1
2025.05.02D13:34:21.331029248,IBM,244,70
2025.05.02D13:34:21.331029248,IBM,244.08,30
2025.05.02D13:34:21.331086336,IBM,244,100
2025.05.02D13:34:21.341088256,IBM,244.07,100
2025.05.02D13:34:21.341211392,IBM,244.08,100
2025.05.02D13:34:21.341214464,IBM,244.08,200
2025.05.02D13:34:21.341229568,IBM,244.09,161
2025.05.02D13:34:21.341238528,IBM,244.09,39
2025.05.02D13:34:21.341241600,IBM,244.1,35
2025.05.02D13:34:21.341247488,IBM,244.1,34
2025.05.02D13:34:21.341262592,IBM,244.1,16
2025.05.02D13:34:21.341265664,IBM,244.1,7
2025.05.02D13:34:21.341277696,IBM,244.08,100
2025.05.02D13:34:21.341283584,IBM,244.1,3
2025.05.02D13:34:21.341286656,IBM,244.1,2
2025.05.02D13:34:21.341361920,IBM,244.1,303
2025.05.02D13:34:21.361566976,IBM,244.1,1
2025.05.02D13:34:21.361587968,IBM,244.15,100
2025.05.02D13:34:21.361988096,IBM,244.1,100
2025.05.02D13:34:21.368678912,IBM,244.065,42
2025.05.02D13:34:21.424948480,IBM,244.1,100
2025.05.02D13:34:22.028840960,IBM,244.1,1
2025.05.02D13:34:22.028900864,IBM,244.06,11
2025.05.02D13:34:22.028900864,IBM,244.06,9
2025.05.02D13:34:22.028946176,IBM,244.1,11
2025.05.02D13:34:22.028958208,IBM,244.1,9
2025.05.02D13:34:22.028961024,IBM,244.06,10
2025.05.02D13:34:22.028985088,IBM,244.06,40
2025.05.02D13:34:22.029021440,IBM,244.13,5
2025.05.02D13:34:22.029195776,IBM,244.08,100
2025.05.02D13:34:22.029219840,IBM,244.1,1
2025.05.02D13:34:22.029243904,IBM,244.08,100
2025.05.02D13:34:22.029289216,IBM,244.1,10
2025.05.02D13:34:22.029327872,IBM,244.1,11
2025.05.02D13:34:22.029334016,IBM,244.1,9
2025.05.02D13:34:22.029379072,IBM,244.1,1
2025.05.02D13:34:22.032542720,IBM,244.02,1
2025.05.02D13:34:22.035922944,IBM,244.24,1
2025.05.02D13:34:22.036608256,IBM,244.13,100
2025.05.02D13:34:22.036680448,IBM,244.13,100
2025.05.02D13:34:22.036683520,IBM,244.1,68
2025.05.02D13:34:22.036707584,IBM,244.13,32
2025.05.02D13:34:22.036713984,IBM,244.06,5
2025.05.02D13:34:22.036716544,IBM,244.06,50
2025.05.02D13:34:22.036716544,IBM,244.13,1
2025.05.02D13:34:22.036752640,IBM,244.13,100
2025.05.02D13:34:22.036764672,IBM,244.13,99
2025.05.02D13:34:22.036767744,IBM,244.02,11
2025.05.02D13:34:22.036788736,IBM,244.02,39
2025.05.02D13:34:22.036788736,IBM,244.02,1
2025.05.02D13:34:22.037005312,IBM,244.02,1
2025.05.02D13:34:22.037308928,IBM,244.125,100
2025.05.02D13:34:22.293263360,IBM,244.045,1
2025.05.02D13:34:22.783602432,IBM,244.045,100
2025.05.02D13:34:22.783656448,IBM,244.045,100
2025.05.02D13:34:22.783674624,IBM,244.045,50
2025.05.02D13:34:22.783680512,IBM,244.045,100
2025.05.02D13:34:22.783701504,IBM,244.045,100
2025.05.02D13:34:22.783746816,IBM,244.045,100
2025.05.02D13:34:22.783782912,IBM,244.045,50
2025.05.02D13:34:22.783812864,IBM,244.02,50
2025.05.02D13:34:23.392314880,IBM,244.005,5
2025.05.02D13:34:24.019353088,IBM,244.005,25
2025.05.02D13:34:24.377374208,IBM,243.96,1
2025.05.02D13:34:24.377374208,IBM,243.95,70
2025.05.02D13:34:24.377436928,IBM,243.95,8
2025.05.02D13:34:24.377440000,IBM,243.95,1
2025.05.02D13:34:24.377761792,IBM,244,1
2025.05.02D13:34:24.382197248,IBM,244,1
2025.05.02D13:34:25.039490560,IBM,244.04,15
2025.05.02D13:34:26.173926656,IBM,243.97,300
2025.05.02D13:34:26.241635840,IBM,243.97,12
2025.05.02D13:34:26.242255360,IBM,244.22,12
2025.05.02D13:34:26.242466048,IBM,243.97,200
2025.05.02D13:34:26.243295744,IBM,243.88,12
2025.05.02D13:34:26.243295744,IBM,243.86,88
2025.05.02D13:34:26.243376896,IBM,244.22,200
2025.05.02D13:34:26.243488256,IBM,243.81,1
2025.05.02D13:34:26.243545344,IBM,243.9,100
2025.05.02D13:34:26.243545344,IBM,243.85,100
2025.05.02D13:34:26.243548416,IBM,243.85,12
2025.05.02D13:34:26.244035584,IBM,243.78,28
2025.05.02D13:34:26.244083712,IBM,243.77,1
2025.05.02D13:34:26.244194816,IBM,243.89,12
2025.05.02D13:34:26.244441600,IBM,244.22,12
2025.05.02D13:34:26.244525824,IBM,243.97,100
2025.05.02D13:34:26.244552704,IBM,243.87,88
2025.05.02D13:34:26.244576768,IBM,243.97,98
2025.05.02D13:34:26.244793344,IBM,244.22,88
2025.05.02D13:34:26.245145088,IBM,244.06,100
2025.05.02D13:34:26.245169152,IBM,244.06,100
2025.05.02D13:34:26.245497088,IBM,244.06,12
2025.05.02D13:34:26.245521152,IBM,244.06,12
2025.05.02D13:34:26.245773568,IBM,243.91,14
2025.05.02D13:34:26.245785600,IBM,243.92,13
2025.05.02D13:34:26.245848832,IBM,244.06,88
2025.05.02D13:34:26.246197504,IBM,243.92,676
2025.05.02D13:34:26.248425984,IBM,243.97,12
2025.05.02D13:34:26.248489216,IBM,243.97,50
2025.05.02D13:34:26.248898048,IBM,243.99,96
2025.05.02D13:34:26.256373760,IBM,243.97,12
2025.05.02D13:34:26.256440064,IBM,243.97,26
2025.05.02D13:34:26.357390336,IBM,243.96,10
2025.05.02D13:34:26.383161856,IBM,243.7201,300
2025.05.02D13:34:27.109264384,IBM,244.1593,1
2025.05.02D13:34:27.988564480,IBM,244.2088,1
2025.05.02D13:34:29.698577408,IBM,243.7248,1
2025.05.02D13:34:31.933210624,IBM,244.15,3
2025.05.02D13:34:32.106853376,IBM,243.936,1
2025.05.02D13:34:32.924957696,IBM,243.915,10
2025.05.02D13:34:33.744962304,IBM,244.1988,1
2025.05.02D13:34:34.118012928,IBM,244.1999,15
2025.05.02D13:34:35.041100032,IBM,243.78,6
2025.05.02D13:34:36.911283200,IBM,243.874,100
2025.05.02D13:34:36.997742080,IBM,243.8138,1
2025.05.02D13:34:37.476216832,IBM,243.82,5
2025.05.02D13:34:37.476719104,IBM,243.78,11
2025.05.02D13:34:37.476983808,IBM,243.78,2
2025.05.02D13:34:37.615902464,IBM,243.72,102
2025.05.02D13:34:37.615959552,IBM,243.72,1
2025.05.02D13:34:37.616452608,IBM,243.77,19
2025.05.02D13:34:37.616506880,IBM,243.72,19
2025.05.02D13:34:37.616705280,IBM,243.72,7
2025.05.02D13:34:37.664687360,IBM,243.805,7
2025.05.02D13:34:38.876865280,IBM,243.805,1
2025.05.02D13:34:38.970511360,IBM,243.63,1
2025.05.02D13:34:38.970511360,IBM,243.59,1
2025.05.02D13:34:38.970529280,IBM,243.67,47
2025.05.02D13:34:38.970532352,IBM,243.67,53
2025.05.02D13:34:38.970538240,IBM,243.67,100
2025.05.02D13:34:38.970538240,IBM,243.67,33
2025.05.02D13:34:38.970574336,IBM,243.72,100
2025.05.02D13:34:38.970577408,IBM,243.63,1
2025.05.02D13:34:38.970577408,IBM,243.59,1
2025.05.02D13:34:38.970595328,IBM,243.72,100
2025.05.02D13:34:38.970655488,IBM,243.65,3
2025.05.02D13:34:38.971133696,IBM,243.44,1
2025.05.02D13:34:38.971136768,IBM,243.44,1
2025.05.02D13:34:38.971202816,IBM,243.655,69
2025.05.02D13:34:38.971208960,IBM,243.655,100
2025.05.02D13:34:38.971283968,IBM,243.665,31
2025.05.02D13:34:38.971350272,IBM,243.67,30
2025.05.02D13:34:38.971404288,IBM,243.43,1
2025.05.02D13:34:38.971428352,IBM,243.43,1
2025.05.02D13:34:38.971551744,IBM,243.69,1
2025.05.02D13:34:38.972673536,IBM,243.63,100
2025.05.02D13:34:40.845460480,IBM,243.65,10
2025.05.02D13:34:41.549286912,IBM,243.65,2
2025.05.02D13:34:42.134068480,IBM,243.3952,1
2025.05.02D13:34:43.618778880,IBM,243.65,1
2025.05.02D13:34:44.282738432,IBM,243.4,5
2025.05.02D13:34:46.009823488,IBM,243.65,100
2025.05.02D13:34:49.242772992,IBM,243.8911,25
2025.05.02D13:34:50.600779008,IBM,243.78,42
2025.05.02D13:34:51.228671488,IBM,243.8811,3
2025.05.02D13:34:54.007478016,IBM,243.78,20
2025.05.02D13:34:57.050192896,IBM,243.78,1
2025.05.02D13:34:58.659165440,IBM,243.78,14
2025.05.02D13:35:00.080247040,IBM,243.66,56
2025.05.02D13:35:00.134700544,IBM,243.6979,100
2025.05.02D13:35:00.697890304,IBM,243.75,55
2025.05.02D13:35:00.731666432,IBM,243.73,19
2025.05.02D13:35:00.759227136,IBM,243.78,1
2025.05.02D13:35:00.837311232,IBM,243.65,100
2025.05.02D13:35:00.837344256,IBM,243.65,40
2025.05.02D13:35:00.837347328,IBM,243.65,40
2025.05.02D13:35:00.837401344,IBM,243.64,2
2025.05.02D13:35:00.837452544,IBM,243.64,38
2025.05.02D13:35:00.837503744,IBM,243.66,1
2025.05.02D13:35:00.837572864,IBM,243.66,100
2025.05.02D13:35:00.837780224,IBM,243.65,4
2025.05.02D13:35:00.837807360,IBM,243.78,1
2025.05.02D13:35:00.837855488,IBM,243.65,65
2025.05.02D13:35:00.837927680,IBM,243.64,2
2025.05.02D13:35:00.838110976,IBM,243.65,5
2025.05.02D13:35:00.838138368,IBM,243.64,2
2025.05.02D13:35:00.838294784,IBM,243.71,4
2025.05.02D13:35:00.838604288,IBM,243.64,1
2025.05.02D13:35:01.133928448,IBM,243.655,1
2025.05.02D13:35:01.652134912,IBM,243.8899,1
2025.05.02D13:35:01.763044608,IBM,243.65,100
2025.05.02D13:35:02.009896448,IBM,243.6549,82
2025.05.02D13:35:03.031829248,IBM,243.719,4
2025.05.02D13:35:03.082124032,IBM,243.65,2
2025.05.02D13:35:03.445021952,IBM,243.76,5
2025.05.02D13:35:03.451057408,IBM,243.71,100
2025.05.02D13:35:03.804230400,IBM,243.83,3
2025.05.02D13:35:05.847553792,IBM,243.78,1
2025.05.02D13:35:05.847592960,IBM,243.78,12
2025.05.02D13:35:07.007530240,IBM,243.88,4
2025.05.02D13:35:07.027948800,IBM,243.685,200
2025.05.02D13:35:07.161569024,IBM,243.7166,1
2025.05.02D13:35:07.924317184,IBM,243.8788,1
2025.05.02D13:35:09.029208320,IBM,243.67,1
2025.05.02D13:35:11.540018944,IBM,243.49,1
2025.05.02D13:35:12.611930880,IBM,243.78,1
2025.05.02D13:35:12.612225536,IBM,243.82,1
2025.05.02D13:35:12.732457984,IBM,243.69,1
2025.05.02D13:35:12.732524288,IBM,243.69,8
2025.05.02D13:35:12.773280256,IBM,243.82,1
2025.05.02D13:35:12.963783680,IBM,243.82,1
2025.05.02D13:35:13.008671744,IBM,243.5001,4
2025.05.02D13:35:13.134115584,IBM,243.7,1
2025.05.02D13:35:14.585980416,IBM,243.71,27
2025.05.02D13:35:14.586001152,IBM,243.71,2
2025.05.02D13:35:14.586037248,IBM,243.71,11
2025.05.02D13:35:14.586524416,IBM,243.66,11
2025.05.02D13:35:14.586533632,IBM,243.71,4
2025.05.02D13:35:14.586557440,IBM,243.66,8
2025.05.02D13:35:14.586575616,IBM,243.66,14
2025.05.02D13:35:14.586611712,IBM,243.66,9
2025.05.02D13:35:14.586641920,IBM,243.71,40
2025.05.02D13:35:14.586927360,IBM,243.64,1
2025.05.02D13:35:15.183566848,IBM,243.8097,1
2025.05.02D13:35:15.572330240,IBM,243.65,200
2025.05.02D13:35:16.640743936,IBM,243.63,40
2025.05.02D13:35:16.641240320,IBM,243.63,2
2025.05.02D13:35:16.641378560,IBM,243.63,40
2025.05.02D13:35:17.189902080,IBM,243.77,2
2025.05.02D13:35:18.282114816,IBM,243.41,5
2025.05.02D13:35:18.543708160,IBM,243.595,1
2025.05.02D13:35:18.731691776,IBM,243.78,1
2025.05.02D13:35:19.129476096,IBM,243.59,50
2025.05.02D13:35:19.894531072,IBM,243.59,1
2025.05.02D13:35:20.442733568,IBM,243.58,1
2025.05.02D13:35:20.682906880,IBM,243.5,40
2025.05.02D13:35:20.682927872,IBM,243.5,80
2025.05.02D13:35:20.683399936,IBM,243.5,1
2025.05.02D13:35:20.683541248,IBM,243.5,40
2025.05.02D13:35:20.704588544,IBM,243.56,100
2025.05.02D13:35:20.704591360,IBM,243.57,100
2025.05.02D13:35:20.742027776,IBM,243.62,25
2025.05.02D13:35:20.878155520,IBM,243.5995,9
2025.05.02D13:35:20.888692736,IBM,243.505,1
2025.05.02D13:35:20.952883712,IBM,243.4146,1
2025.05.02D13:35:21.130817024,IBM,243.3937,2
2025.05.02D13:35:21.325563392,IBM,243.575,100
2025.05.02D13:35:21.578513664,IBM,243.7,1
2025.05.02D13:35:22.119756800,IBM,243.39,1
2025.05.02D13:35:22.285586176,IBM,243.61,100
2025.05.02D13:35:22.297732096,IBM,243.58,300
2025.05.02D13:35:22.298965248,IBM,243.5839,26
2025.05.02D13:35:22.301740800,IBM,243.58,300
2025.05.02D13:35:22.368899584,IBM,243.7361,1
2025.05.02D13:35:23.304048896,IBM,243.58,300
2025.05.02D13:35:23.305312000,IBM,243.5803,30
2025.05.02D13:35:23.383910400,IBM,243.67,100
2025.05.02D13:35:23.383961600,IBM,243.67,100
2025.05.02D13:35:23.383973632,IBM,243.75,30
2025.05.02D13:35:23.383973632,IBM,243.75,8
2025.05.02D13:35:23.383985664,IBM,243.67,100
2025.05.02D13:35:23.384827648,IBM,243.58,300
2025.05.02D13:35:23.386069760,IBM,243.6324,32
2025.05.02D13:35:23.388815104,IBM,243.6,300
2025.05.02D13:35:23.388959488,IBM,243.72,100
2025.05.02D13:35:23.390198272,IBM,243.63,20
2025.05.02D13:35:23.697476864,IBM,243.72,100
2025.05.02D13:35:23.697600256,IBM,243.75,92
2025.05.02D13:35:23.697600256,IBM,243.76,8
2025.05.02D13:35:23.697606144,IBM,243.76,92
2025.05.02D13:35:23.697612288,IBM,243.77,200
2025.05.02D13:35:23.697648384,IBM,243.76,150
2025.05.02D13:35:23.697660416,IBM,243.76,50
2025.05.02D13:35:23.697856000,IBM,243.79,66
2025.05.02D13:35:23.697861888,IBM,243.76,34
2025.05.02D13:35:23.698168576,IBM,243.8,100
2025.05.02D13:35:23.698189568,IBM,243.78,1
2025.05.02D13:35:23.698219776,IBM,243.8,30
2025.05.02D13:35:23.698240768,IBM,243.81,100
2025.05.02D13:35:23.698306816,IBM,243.83,1
2025.05.02D13:35:23.698400000,IBM,243.78,66
2025.05.02D13:35:23.698451200,IBM,243.77,40
2025.05.02D13:35:23.698541312,IBM,243.78,34
2025.05.02D13:35:23.698742784,IBM,243.6109,20
2025.05.02D13:35:23.698788096,IBM,243.82,12
2025.05.02D13:35:23.698802944,IBM,243.82,12
2025.05.02D13:35:23.698935296,IBM,243.75,60
2025.05.02D13:35:23.698938368,IBM,243.82,12
2025.05.02D13:35:23.699004672,IBM,243.82,12
2025.05.02D13:35:23.699166976,IBM,243.76,100
2025.05.02D13:35:23.699585024,IBM,243.76,1
2025.05.02D13:35:23.756805376,IBM,243.65,200
2025.05.02D13:35:23.852803072,IBM,243.83,1
2025.05.02D13:35:23.853166848,IBM,243.83,1
2025.05.02D13:35:24.514094848,IBM,243.81,24
2025.05.02D13:35:24.514170368,IBM,243.82,130
2025.05.02D13:35:24.514173184,IBM,243.83,401
2025.05.02D13:35:24.514224128,IBM,243.82,100
2025.05.02D13:35:24.514236160,IBM,243.82,100
2025.05.02D13:35:24.514302464,IBM,243.82,2
2025.05.02D13:35:24.514359552,IBM,243.82,98
2025.05.02D13:35:24.514377472,IBM,243.83,2
2025.05.02D13:35:24.514389504,IBM,243.83,100
2025.05.02D13:35:24.514540032,IBM,243.83,100
2025.05.02D13:35:24.514542848,IBM,243.83,100
2025.05.02D13:35:24.514627072,IBM,243.84,78
2025.05.02D13:35:24.514657280,IBM,243.84,36
2025.05.02D13:35:24.514666240,IBM,243.84,8
2025.05.02D13:35:24.514675200,IBM,243.84,3
2025.05.02D13:35:24.514684416,IBM,243.84,17
2025.05.02D13:35:24.514690304,IBM,243.84,2
2025.05.02D13:35:24.514702336,IBM,243.87,1
2025.05.02D13:35:24.514705920,IBM,243.82,100
2025.05.02D13:35:24.514705920,IBM,243.84,1
2025.05.02D13:35:24.514717440,IBM,243.82,52
2025.05.02D13:35:24.514717440,IBM,243.84,150
2025.05.02D13:35:24.514720256,IBM,243.87,1
2025.05.02D13:35:24.514720256,IBM,243.82,48
2025.05.02D13:35:24.514723840,IBM,243.82,100
2025.05.02D13:35:24.514723840,IBM,243.84,138
2025.05.02D13:35:24.514729472,IBM,243.84,67
2025.05.02D13:35:24.514765568,IBM,243.82,12
2025.05.02D13:35:24.514825728,IBM,243.83,12
2025.05.02D13:35:24.514831616,IBM,243.83,12
2025.05.02D13:35:24.514846720,IBM,243.83,12
2025.05.02D13:35:24.514849792,IBM,243.83,6
2025.05.02D13:35:24.514924800,IBM,243.83,100
2025.05.02D13:35:24.514993920,IBM,243.91,2
2025.05.02D13:35:24.515045120,IBM,243.83,30
2025.05.02D13:35:24.515072256,IBM,243.93,100
2025.05.02D13:35:24.515183616,IBM,243.83,100
2025.05.02D13:35:24.515231744,IBM,243.85,500
2025.05.02D13:35:24.515324672,IBM,243.83,100
2025.05.02D13:35:24.515460096,IBM,243.82,100
2025.05.02D13:35:24.515487232,IBM,243.9,100
2025.05.02D13:35:24.515490304,IBM,243.94,1
2025.05.02D13:35:24.515517440,IBM,243.91,100
2025.05.02D13:35:24.515586560,IBM,243.82,100
2025.05.02D13:35:24.515613440,IBM,243.9,600
2025.05.02D13:35:24.515688704,IBM,243.83,100
2025.05.02D13:35:24.515821056,IBM,243.93,100
2025.05.02D13:35:24.515823872,IBM,243.94,1
2025.05.02D13:35:24.515881216,IBM,243.93,100
2025.05.02D13:35:24.516013568,IBM,243.93,100
2025.05.02D13:35:24.516016640,IBM,243.8274,24
2025.05.02D13:35:24.516082688,IBM,243.93,100
2025.05.02D13:35:24.516157952,IBM,243.93,100
2025.05.02D13:35:24.516311296,IBM,243.8353,20
2025.05.02D13:35:24.516491520,IBM,243.8586,35
2025.05.02D13:35:24.516524800,IBM,243.82,100
2025.05.02D13:35:24.516684032,IBM,243.8,100
2025.05.02D13:35:24.516774144,IBM,243.8652,20
2025.05.02D13:35:24.516873472,IBM,243.8886,35
2025.05.02D13:35:24.516879360,IBM,243.9,1
2025.05.02D13:35:24.517276416,IBM,243.9051,20
2025.05.02D13:35:24.517414656,IBM,243.9,100
2025.05.02D13:35:24.517937920,IBM,243.87,20
2025.05.02D13:35:24.523071232,IBM,243.805,200
2025.05.02D13:35:24.523137280,IBM,243.805,200
2025.05.02D13:35:24.524436480,IBM,243.8242,25
2025.05.02D13:35:24.538792704,IBM,243.805,300
2025.05.02D13:35:29.785911808,IBM,243.86,20
2025.05.02D13:35:30.623478528,IBM,243.88,1
2025.05.02D13:35:30.623484672,IBM,243.88,1
2025.05.02D13:35:30.623496704,IBM,243.88,1
2025.05.02D13:35:30.747635712,IBM,243.96,41
2025.05.02D13:35:31.434118656,IBM,243.88,30
2025.05.02D13:35:31.696078336,IBM,243.88,1
2025.05.02D13:35:31.696607488,IBM,243.88,1
2025.05.02D13:35:31.696619520,IBM,243.88,1
2025.05.02D13:35:31.696628480,IBM,243.88,1
2025.05.02D13:35:31.738798080,IBM,243.8992,1
2025.05.02D13:35:31.738861056,IBM,243.88,4
2025.05.02D13:35:31.847389696,IBM,243.9629,1
2025.05.02D13:35:32.539574784,IBM,243.88,44
2025.05.02D13:35:33.096209408,IBM,243.97,3
2025.05.02D13:35:33.096266496,IBM,243.97,7
2025.05.02D13:35:33.096693504,IBM,243.93,200
2025.05.02D13:35:33.096693504,IBM,243.94,98
2025.05.02D13:35:33.096696320,IBM,243.99,53
2025.05.02D13:35:33.096708864,IBM,244,29
2025.05.02D13:35:33.096741632,IBM,243.99,47
2025.05.02D13:35:33.096744704,IBM,244,14
2025.05.02D13:35:33.096768512,IBM,244,71
2025.05.02D13:35:33.096768512,IBM,244,7
2025.05.02D13:35:33.096771584,IBM,243.88,14
2025.05.02D13:35:33.096964096,IBM,243.88,77
2025.05.02D13:35:33.097604608,IBM,243.98,2
2025.05.02D13:35:33.097661696,IBM,243.88,200
2025.05.02D13:35:33.097679872,IBM,243.88,50
2025.05.02D13:35:33.097700864,IBM,243.88,1
2025.05.02D13:35:33.098672128,IBM,243.97,26
2025.05.02D13:35:33.101823744,IBM,243.88,10
2025.05.02D13:35:33.101889792,IBM,243.88,5
2025.05.02D13:35:33.101955840,IBM,243.88,5
2025.05.02D13:35:33.102025216,IBM,243.88,10
2025.05.02D13:35:33.102368000,IBM,243.86,1
2025.05.02D13:35:33.102533376,IBM,243.84,1
2025.05.02D13:35:33.102584320,IBM,243.84,9
2025.05.02D13:35:33.102704896,IBM,243.83,10
2025.05.02D13:35:33.103089920,IBM,243.88,1
2025.05.02D13:35:33.103291136,IBM,243.82,9
2025.05.02D13:35:33.103342336,IBM,243.82,1
2025.05.02D13:35:33.221584128,IBM,243.88,1
2025.05.02D13:35:33.308641536,IBM,243.88,1
2025.05.02D13:35:33.371358720,IBM,243.88,1
2025.05.02D13:35:33.717321216,IBM,243.8,10
2025.05.02D13:35:33.717324032,IBM,243.8,8
2025.05.02D13:35:33.717342208,IBM,243.79,10
2025.05.02D13:35:33.717375232,IBM,243.76,34
2025.05.02D13:35:33.717438464,IBM,243.76,66
2025.05.02D13:35:33.717525504,IBM,243.75,19
2025.05.02D13:35:33.717528576,IBM,243.75,19
2025.05.02D13:35:33.717585664,IBM,243.75,2
2025.05.02D13:35:35.708100608,IBM,243.9557,25
2025.05.02D13:35:38.451202560,IBM,243.82,100
2025.05.02D13:35:38.451205632,IBM,243.83,10
2025.05.02D13:35:38.451208704,IBM,243.84,5
2025.05.02D13:35:38.451211776,IBM,243.85,15
2025.05.02D13:35:38.451211776,IBM,243.89,100
2025.05.02D13:35:38.451214848,IBM,243.9,62
2025.05.02D13:35:38.452619008,IBM,243.765,100
2025.05.02D13:35:38.452640000,IBM,243.765,13
2025.05.02D13:35:40.830398976,IBM,243.64,1
2025.05.02D13:35:40.840725504,IBM,244,1
2025.05.02D13:35:44.664811008,IBM,243.96,550
2025.05.02D13:35:44.666900992,IBM,243.91,50
2025.05.02D13:35:44.666963968,IBM,243.93,50
2025.05.02D13:35:45.336442624,IBM,243.96,1
2025.05.02D13:35:45.337140224,IBM,243.96,64
2025.05.02D13:35:45.337140224,IBM,243.96,1
2025.05.02D13:35:45.338048512,IBM,243.85,100
2025.05.02D13:35:45.575316736,IBM,243.862,30
2025.05.02D13:35:46.256591872,IBM,243.97,70
2025.05.02D13:35:46.256598016,IBM,243.93,200
2025.05.02D13:35:46.256610048,IBM,244,200
2025.05.02D13:35:46.256615936,IBM,244,1
2025.05.02D13:35:46.256625152,IBM,243.97,30
2025.05.02D13:35:46.256627968,IBM,244,33
2025.05.02D13:35:46.256631040,IBM,244,37
2025.05.02D13:35:46.256652032,IBM,243.93,200
2025.05.02D13:35:46.256655104,IBM,243.93,26
2025.05.02D13:35:46.256679168,IBM,243.93,100
2025.05.02D13:35:46.256697088,IBM,244,25
2025.05.02D13:35:46.256697088,IBM,244,68
2025.05.02D13:35:46.256718336,IBM,243.93,94
2025.05.02D13:35:46.256730368,IBM,243.93,200
2025.05.02D13:35:46.256730368,IBM,243.93,200
2025.05.02D13:35:46.256733184,IBM,243.93,58
2025.05.02D13:35:46.256799488,IBM,243.93,23
2025.05.02D13:35:46.256823552,IBM,243.93,122
2025.05.02D13:35:46.256826368,IBM,244,78
2025.05.02D13:35:46.256832512,IBM,243.93,77
2025.05.02D13:35:46.256835584,IBM,244,5
2025.05.02D13:35:46.256841472,IBM,244,30
2025.05.02D13:35:46.256862464,IBM,244,188
2025.05.02D13:35:46.256865536,IBM,243.96,100
2025.05.02D13:35:46.256868608,IBM,244,100
2025.05.02D13:35:46.256874496,IBM,243.96,1
2025.05.02D13:35:46.256883712,IBM,244,23
2025.05.02D13:35:46.256958720,IBM,243.96,100
2025.05.02D13:35:46.257009920,IBM,243.97,100
2025.05.02D13:35:46.257018880,IBM,243.95,100
2025.05.02D13:35:46.257025280,IBM,244.02,5
2025.05.02D13:35:46.257025280,IBM,243.91,10
2025.05.02D13:35:46.257039872,IBM,243.91,8
2025.05.02D13:35:46.257079040,IBM,243.95,1
2025.05.02D13:35:46.257079040,IBM,243.91,90
2025.05.02D13:35:46.257088000,IBM,243.99,100
2025.05.02D13:35:46.257091328,IBM,243.95,1
2025.05.02D13:35:46.257094144,IBM,243.91,2
2025.05.02D13:35:46.257100032,IBM,243.96,17
2025.05.02D13:35:46.257127168,IBM,243.95,1
2025.05.02D13:35:46.257130240,IBM,243.95,1
2025.05.02D13:35:46.257160192,IBM,243.91,1
2025.05.02D13:35:46.257229568,IBM,243.91,79
2025.05.02D13:35:46.257235456,IBM,243.91,10
2025.05.02D13:35:46.257238528,IBM,243.91,20
2025.05.02D13:35:46.257304576,IBM,243.91,55
2025.05.02D13:35:46.257325824,IBM,243.91,745
2025.05.02D13:35:46.257427968,IBM,244,1
2025.05.02D13:35:46.257515264,IBM,243.91,1
2025.05.02D13:35:46.257647360,IBM,243.95,14
2025.05.02D13:35:46.257686528,IBM,243.82,800
2025.05.02D13:35:46.257728768,IBM,243.95,2
2025.05.02D13:35:46.257773824,IBM,243.845,7
2025.05.02D13:35:46.258023424,IBM,243.82,200
2025.05.02D13:35:46.258119680,IBM,243.82,200
2025.05.02D13:35:46.258221824,IBM,243.96,100
2025.05.02D13:35:46.258330112,IBM,244,1
2025.05.02D13:35:46.259803648,IBM,243.9,50
2025.05.02D13:35:46.259809536,IBM,244,8
2025.05.02D13:35:46.265550336,IBM,243.895,50
2025.05.02D13:35:46.265613312,IBM,243.895,50
2025.05.02D13:35:46.265679616,IBM,243.895,50
2025.05.02D13:35:46.930255616,IBM,243.895,5
2025.05.02D13:35:46.930733568,IBM,243.87,10
2025.05.02D13:35:46.930778624,IBM,243.84,13
2025.05.02D13:35:47.508550400,IBM,243.99,33
2025.05.02D13:35:49.261565952,IBM,244.03,105
2025.05.02D13:35:49.261572096,IBM,244.05,50
2025.05.02D13:35:49.261577984,IBM,244.06,45
2025.05.02D13:35:49.262456064,IBM,243.95,50
2025.05.02D13:35:49.262732800,IBM,243.895,100
2025.05.02D13:35:49.305617920,IBM,243.905,5
2025.05.02D13:35:49.335918080,IBM,243.89,4
2025.05.02D13:35:50.813062400,IBM,243.975,1
2025.05.02D13:35:53.251130112,IBM,243.975,1
2025.05.02D13:35:54.017111296,IBM,243.97,4
2025.05.02D13:35:55.270736128,IBM,243.975,11
2025.05.02D13:35:55.651713536,IBM,243.975,5
2025.05.02D13:35:56.577549312,IBM,244.0983,18
2025.05.02D13:35:56.579636224,IBM,244,100
2025.05.02D13:35:56.668413696,IBM,243.975,5
2025.05.02D13:35:58.554138368,IBM,243.89,2
2025.05.02D13:35:58.623624704,IBM,243.965,5
2025.05.02D13:35:58.872864512,IBM,243.97,1
2025.05.02D13:36:01.516188416,IBM,243.975,5
2025.05.02D13:36:02.438264832,IBM,244,1
2025.05.02D13:36:03.164725760,IBM,244,1
2025.05.02D13:36:03.341868800,IBM,243.975,1
2025.05.02D13:36:03.510315264,IBM,243.975,57
2025.05.02D13:36:03.528704000,IBM,243.975,1493
2025.05.02D13:36:03.566308608,IBM,243.975,6
2025.05.02D13:36:03.699306496,IBM,243.84,10
2025.05.02D13:36:03.843136000,IBM,243.8643,1
2025.05.02D13:36:03.893322496,IBM,243.83,100
2025.05.02D13:36:03.893340672,IBM,243.83,356
2025.05.02D13:36:03.893539072,IBM,243.79,1
2025.05.02D13:36:03.893611264,IBM,243.84,36
2025.05.02D13:36:03.893689344,IBM,243.84,64
2025.05.02D13:36:03.893725440,IBM,243.83,100
2025.05.02D13:36:03.893728512,IBM,243.83,100
2025.05.02D13:36:03.893731584,IBM,243.83,100
2025.05.02D13:36:03.893806592,IBM,243.83,100
2025.05.02D13:36:03.893809664,IBM,243.83,100
2025.05.02D13:36:03.893812736,IBM,243.83,100
2025.05.02D13:36:03.893828096,IBM,243.83,100
2025.05.02D13:36:03.893830656,IBM,243.83,100
2025.05.02D13:36:03.893836800,IBM,243.83,50
2025.05.02D13:36:03.893990400,IBM,243.83,100
2025.05.02D13:36:03.893993216,IBM,243.84,50
2025.05.02D13:36:03.894029312,IBM,243.83,1
2025.05.02D13:36:03.894077696,IBM,243.83,39
2025.05.02D13:36:03.894182656,IBM,243.78,100
2025.05.02D13:36:03.894209536,IBM,243.78,10
2025.05.02D13:36:03.894284800,IBM,243.78,90
2025.05.02D13:36:03.894423296,IBM,243.84,8
2025.05.02D13:36:03.894552576,IBM,243.84,100
2025.05.02D13:36:03.894564608,IBM,243.83,100
2025.05.02D13:36:03.894865152,IBM,243.84,4
2025.05.02D13:36:03.894934272,IBM,243.84,100
2025.05.02D13:36:03.895319296,IBM,243.81,8
2025.05.02D13:36:03.895770368,IBM,243.82,12
2025.05.02D13:36:03.923282944,IBM,243.84,1
2025.05.02D13:36:03.923286016,IBM,243.84,50
2025.05.02D13:36:04.544212992,IBM,244,2
2025.05.02D13:36:04.730256640,IBM,244,1
2025.05.02D13:36:04.828548864,IBM,243.84,19
2025.05.02D13:36:05.026477056,IBM,243.875,10
2025.05.02D13:36:05.224270080,IBM,243.875,1
2025.05.02D13:36:05.744670720,IBM,243.76,9
2025.05.02D13:36:05.930663680,IBM,244.0599,100
2025.05.02D13:36:06.086555136,IBM,244.1157,1
2025.05.02D13:36:06.471441920,IBM,243.9,4
2025.05.02D13:36:06.475802624,IBM,243.91,20
2025.05.02D13:36:07.731026688,IBM,243.8932,2
2025.05.02D13:36:07.769722880,IBM,243.8013,318
2025.05.02D13:36:07.794381568,IBM,243.8411,13
2025.05.02D13:36:08.804766976,IBM,244.1158,5
2025.05.02D13:36:08.857094400,IBM,243.91,15
2025.05.02D13:36:09.910634752,IBM,243.83,100
2025.05.02D13:36:09.910652672,IBM,243.84,100
2025.05.02D13:36:09.910893312,IBM,243.83,100
2025.05.02D13:36:09.911031808,IBM,243.78,10
2025.05.02D13:36:11.181133568,IBM,243.727,1
2025.05.02D13:36:11.381638912,IBM,243.727,1
2025.05.02D13:36:11.381846528,IBM,243.727,1
2025.05.02D13:36:11.381873664,IBM,243.727,1
2025.05.02D13:36:12.101066496,IBM,243.96,2
2025.05.02D13:36:12.539363328,IBM,243.8225,10
2025.05.02D13:36:12.669212416,IBM,243.7,1
2025.05.02D13:36:12.671404800,IBM,243.7,1
2025.05.02D13:36:12.906706176,IBM,243.8169,100
